@misc{singha.tech,
  author = {{Singha.tech}},
  title  = {AI Adoption: A Profound Organizational and Cultural Evolution},
  year   = {2025},
  note   = {Accessed on September 1, 2025}
}

@misc{crowe.com,
  author = {{Crowe LLP}},
  title  = {Digital Transformation and Organizational Change Management},
  year   = {2025},
  note   = {Accessed on September 1, 2025}
}

@misc{impactmybiz.com,
  author = {{Impact My Biz}},
  title  = {The Role of OCM in Digital Transformation},
  year   = {2025},
  note   = {Accessed on September 1, 2025}
}

@misc{nucleoo.com,
  author = {{Nucleoo}},
  title  = {Challenges in AI Adoption},
  year   = {2025},
  note   = {Accessed on September 1, 2025}
}

@misc{convergetp.com,
  author = {{Converge Technology Partners}},
  title  = {Data Quality and AI Initiatives},
  year   = {2025},
  note   = {Accessed on September 1, 2025}
}

@misc{algoworks.com,
  author = {{Algoworks}},
  title  = {Ethical Dilemmas in AI},
  year   = {2025},
  note   = {Accessed on September 1, 2025}
}

@misc{ocmsolution.com,
  author = {{OCM Solution}},
  title  = {Best Practices for Organizational Change Management},
  year   = {2025},
  note   = {Accessed on September 1, 2025}
}

@misc{naviant.com,
  author = {{Naviant}},
  title  = {Fostering a Culture of Innovation with AI},
  year   = {2025},
  note   = {Accessed on September 1, 2025}
}

@misc{deloitte.com,
  author = {{Deloitte}},
  title  = {Monitoring and Evaluating AI Progress},
  year   = {2025},
  note   = {Accessed on September 1, 2025}
}
