@InProceedings{Buolamwini2018GenderShades,
  title = {Gender Shades: Intersectional Accuracy Disparities in Commercial Gender Classification},
  author = {Buolamwini, Joy and Gebru, Timnit},
  booktitle = {Proceedings of the 1st Conference on Fairness, Accountability and Transparency},
  pages = {77--91},
  year = {2018},
  editor = {Friedler, Sorelle A. and Wilson, Christo},
  volume = {81},
  series = {Proceedings of Machine Learning Research},
  address = {New York, New York, USA},
  month = {23--24 Feb},
  publisher = {PMLR},
  url = {https://proceedings.mlr.press/v81/buolamwini18a.html}
}

@article{Adadi2018ExplainableAI,
  title={Peeking Inside the Black-Box: A Survey on Explainable Artificial Intelligence (XAI)},
  author={Adadi, Amina and Berrada, Mohammed},
  journal={IEEE Access},
  volume={6},
  pages={52138--52160},
  year={2018},
  publisher={IEEE},
  doi={10.1109/ACCESS.2018.2870052}
}