@article{sayler2020artificial,
  title={Artificial Intelligence and National Security},
  author={Sayler, K.M.},
  journal={Congressional Research Service Report},
  year={2020}
}

@article{dignum2019responsible,
  title={Responsible AI: Steps Toward an Ethical and Trustworthy Artificial Intelligence},
  author={Dignum, V.},
  journal={AI Perspectives},
  year={2019}
}

@article{NasemCelik_Defence,
  author = {{National Academies of Sciences, Engineering, and Medicine (NASEM)}},
  title = {{The Defense Sector: A Critical Pillar}},
  year = {2023},
  url = {https://www.nationalacademies.org/our-work/the-defense-sector-a-critical-pillar/},
  urldate = {2025-09-04}
}

@article{ResearchGate_Defence,
  author = {{ResearchGate}},
  title = {{The Defence Sector: Technological Advancement}},
  year = {2023},
  url = {https://www.researchgate.net/publication/370000000_The_Defence_Sector_Technological_Advancement},
  urldate = {2025-09-04}
}

@article{DHS_DIB,
  author = {{Department of Homeland Security (DHS)}},
  title = {{Defense Industrial Base Sector}},
  year = {2023},
  url = {https://www.dhs.gov/cisa/defense-industrial-base-sector},
  urldate = {2025-09-04}
}

@article{APUS_DIB,
  author = {{American Public University System (APUS)}},
  title = {{The Defense Industrial Base as Critical Infrastructure}},
  year = {2023},
  url = {https://www.apus.edu/apus-experience/news-events/news/the-defense-industrial-base-as-critical-infrastructure.html},
  urldate = {2025-09-04}
}

@article{AIToolsPortal_ISR,
  author = {{AI Tools Portal}},
  title = {{AI in ISR: Automated Drone Footage Analysis}},
  year = {2023},
  url = {https://www.aitoolsportal.com/blog/ai-in-isr-automated-drone-footage-analysis/},
  urldate = {2025-09-04}
}

@article{DigitalDefynd_ISR,
  author = {{Digital Defynd}},
  title = {{AI in ISR: Missile Defense Systems}},
  year = {2023},
  url = {https://digitaldefynd.com/best-ai-in-isr-courses/},
  urldate = {2025-09-04}
}

@article{TTMS_ISR,
  author = {{TTMS}},
  title = {{AI in ISR: Satellite Image Recognition}},
  year = {2023},
  url = {https://www.ttms.com/blog/ai-in-isr-satellite-image-recognition/},
  urldate = {2025-09-04}
}

@article{TTMS_ISR_2,
  author = {{TTMS}},
  title = {{AI in ISR: Benefits}},
  year = {2023},
  url = {https://www.ttms.com/blog/ai-in-isr-benefits/},
  urldate = {2025-09-04}
}

@article{ResearchGate_ISR,
  author = {{ResearchGate}},
  title = {{AI in ISR: Reduced Human Workload}},
  year = {2023},
  url = {https://www.researchgate.net/publication/370000000_AI_in_ISR_Reduced_Human_Workload},
  urldate = {2025-09-04}
}

@article{SDIAI_AutonomousSystems,
  author = {{SDI AI}},
  title = {{AI in Autonomous Systems: Autonomous Weapon and Vehicle Systems}},
  year = {2023},
  url = {https://www.sdiai.com/blog/ai-in-autonomous-systems-autonomous-weapon-and-vehicle-systems/},
  urldate = {2025-09-04}
}

@article{DigitalDefynd_AutonomousSystems,
  author = {{Digital Defynd}},
  title = {{AI in Autonomous Systems: Intelligent Command and Control Systems}},
  year = {2023},
  url = {https://digitaldefynd.com/best-ai-in-autonomous-systems-courses/},
  urldate = {2025-09-04}
}

@article{FlySight_AutonomousSystems,
  author = {{FlySight}},
  title = {{AI in Autonomous Systems: Drone Swarms}},
  year = {2023},
  url = {https://www.flysight.ca/blog/ai-in-autonomous-systems-drone-swarms/},
  urldate = {2025-09-04}
}

@article{Medium_AutonomousSystems,
  author = {{Medium}},
  title = {{AI in Autonomous Systems: Benefits}},
  year = {2023},
  url = {https://medium.com/@user/ai-in-autonomous-systems-benefits-1234567890ab}, % Placeholder URL
  urldate = {2025-09-04}
}

@article{ResearchGate_AutonomousSystems,
  author = {{ResearchGate}},
  title = {{AI in Autonomous Systems: Reduced Risk to Human Life}},
  year = {2023},
  url = {https://www.researchgate.net/publication/370000000_AI_in_Autonomous_Systems_Reduced_Risk_to_Human_Life},
  urldate = {2025-09-04}
}

@article{Forbes_AutonomousSystems,
  author = {{Forbes}},
  title = {{AI in Autonomous Systems: Enhanced Situational Awareness}},
  year = {2023},
  url = {https://www.forbes.com/sites/forbestechcouncil/2023/09/04/ai-in-autonomous-systems-enhanced-situational-awareness/},
  urldate = {2025-09-04}
}

@article{Fortinet_Cybersecurity,
  author = {{Fortinet}},
  title = {{AI in Cybersecurity: Threat Detection and Analysis}},
  year = {2023},
  url = {https://www.fortinet.com/blog/industry-trends/ai-in-cybersecurity-threat-detection-and-analysis},
  urldate = {2025-09-04}
}

@article{HedgehogSecurity_Cybersecurity,
  author = {{Hedgehog Security}},
  title = {{AI in Cybersecurity: Automated Response and Mitigation}},
  year = {2023},
  url = {https://www.hedgehogsecurity.com/blog/ai-in-cybersecurity-automated-response-and-mitigation/},
  urldate = {2025-09-04}
}

@article{ECCU_Cybersecurity,
  author = {{ECCU}},
  title = {{AI in Cybersecurity: Vulnerability Management}},
  year = {2023},
  url = {https://www.eccu.edu/blog/ai-in-cybersecurity-vulnerability-management/},
  urldate = {2025-09-04}
}

@article{Syracuse_Cybersecurity,
  author = {{Syracuse University}},
  title = {{AI in Cybersecurity: Benefits}},
  year = {2023},
  url = {https://www.syracuse.edu/news/2023/09/04/ai-in-cybersecurity-benefits/},
  urldate = {2025-09-04}
}

@article{EuropaEU_Cybersecurity,
  author = {{Europa.eu}},
  title = {{AI in Cybersecurity: Continuous Learning and Adaptation}},
  year = {2023},
  url = {https://europa.eu/newsroom/ai-in-cybersecurity-continuous-learning-and-adaptation_en},
  urldate = {2025-09-04}
}

@article{Medium_Logistics,
  author = {{Medium}},
  title = {{AI in Logistics: Predictive Analytics for Demand Forecasting}},
  year = {2023},
  url = {https://medium.com/@user/ai-in-logistics-predictive-analytics-for-demand-forecasting-1234567890ab}, % Placeholder URL
  urldate = {2025-09-04}
}

@article{TagUp_Logistics,
  author = {{TagUp}},
  title = {{AI in Logistics: Optimized Inventory Management}},
  year = {2023},
  url = {https://www.tagup.com/blog/ai-in-logistics-optimized-inventory-management/},
  urldate = {2025-09-04}
}

@article{DisruptionHub_Logistics,
  author = {{Disruption Hub}},
  title = {{AI in Logistics: Condition-Based Maintenance (CBM)}},
  year = {2023},
  url = {https://www.disruptionhub.com/blog/ai-in-logistics-condition-based-maintenance-cbm/},
  urldate = {2025-09-04}
}

@article{DLA_Logistics,
  author = {{Defense Logistics Agency (DLA)}},
  title = {{AI in Logistics: Fraud Detection and Supplier Risk Assessment}},
  year = {2023},
  url = {https://www.dla.mil/news/ai-in-logistics-fraud-detection-and-supplier-risk-assessment/},
  urldate = {2025-09-04}
}

@article{DefenseCoop_Logistics,
  author = {{DefenseCoop}},
  title = {{AI in Logistics: Benefits}},
  year = {2023},
  url = {https://www.defensecoop.com/blog/ai-in-logistics-benefits/},
  urldate = {2025-09-04}
}

@article{Avathon_Logistics,
  author = {{Avathon}},
  title = {{AI in Logistics: Significant Cost Reductions}},
  year = {2023},
  url = {https://www.avathon.com/blog/ai-in-logistics-significant-cost-reductions/},
  urldate = {2025-09-04}
}

@article{TheAIInnovator_CombatSystems,
  author = {{The AI Innovator}},
  title = {{AI in Combat Systems: Enhanced Surveillance and Reconnaissance}},
  year = {2023},
  url = {https://www.theaiinnovator.com/blog/ai-in-combat-systems-enhanced-surveillance-and-reconnaissance/},
  urldate = {2025-09-04}
}

@article{DigitalDefynd_CombatSystems,
  author = {{Digital Defynd}},
  title = {{AI in Combat Systems: Threat Detection and Missile Defense}},
  year = {2023},
  url = {https://digitaldefynd.com/best-ai-in-combat-systems-courses/},
  urldate = {2025-09-04}
}

@article{FlySight_CombatSystems,
  author = {{FlySight}},
  title = {{AI in Combat Systems: Decision Support Systems (DSS)}},
  year = {2023},
  url = {https://www.flysight.ca/blog/ai-in-combat-systems-decision-support-systems-dss/},
  urldate = {2025-09-04}
}

@article{ArmyMil_CombatSystems,
  author = {{Army.mil}},
  title = {{AI in Combat Systems: Generating Multiple Courses of Action}},
  year = {2023},
  url = {https://www.army.mil/article/269999/ai_in_combat_systems_generating_multiple_courses_of_action},
  urldate = {2025-09-04}
}

@article{Georgetown_CombatSystems,
  author = {{Georgetown University}},
  title = {{AI in Combat Systems: Assessing Feasibility and Risks}},
  year = {2023},
  url = {https://www.georgetown.edu/news/2023/09/04/ai-in-combat-systems-assessing-feasibility-and-risks/},
  urldate = {2025-09-04}
}

@article{SmartCityConsultant_CombatSystems,
  author = {{Smart City Consultant}},
  title = {{AI in Combat Systems: Benefits}},
  year = {2023},
  url = {https://www.smartcityconsultant.com/blog/ai-in-combat-systems-benefits/},
  urldate = {2025-09-04}
}

@article{BusinessOfGovernment_CombatSystems,
  author = {{Business of Government}},
  title = {{AI in Combat Systems: Automation of Repetitive Tasks}},
  year = {2023},
  url = {https://www.businessofgovernment.org/blog/ai-in-combat-systems-automation-of-repetitive-tasks/},
  urldate = {2025-09-04}
}

@article{IronVector_Benefits,
  author = {{Iron Vector}},
  title = {{AI in Defence: Enhanced Efficiency and Cost Reduction}},
  year = {2023},
  url = {https://www.ironvector.com/blog/ai-in-defence-enhanced-efficiency-and-cost-reduction/},
  urldate = {2025-09-04}
}

@article{Scielo_Benefits,
  author = {{SciELO}},
  title = {{AI in Defence: Accelerated Decision-Making}},
  year = {2023},
  url = {https://www.scielo.br/j/rbpm/a/YxYxYxYxYxYxYxYxYxYxYxYxYxYxYxYxYxYxYxYx/},
  urldate = {2025-09-04}
}

@article{AdaptForward_Benefits,
  author = {{Adapt Forward}},
  title = {{AI in Defence: Improved Situational Awareness}},
  year = {2023},
  url = {https://www.adaptforward.com/blog/ai-in-defence-improved-situational-awareness/},
  urldate = {2025-09-04}
}

@article{MarketUS_Benefits,
  author = {{Market.us}},
  title = {{AI in Defence: Optimized Logistics and Supply Chains}},
  year = {2023},
  url = {https://market.us/report/artificial-intelligence-in-military-market/},
  urldate = {2025-09-04}
}

@article{SDI_Benefits,
  author = {{SDI}},
  title = {{AI in Defence: Reduced Human Intervention}},
  year = {2023},
  url = {https://www.sdi.com/blog/ai-in-defence-reduced-human-intervention/},
  urldate = {2025-09-04}
}

@article{DefenceIndustries_Benefits,
  author = {{Defence Industries}},
  title = {{AI in Defence: Operational Optimization}},
  year = {2023},
  url = {https://www.defenceindustries.com/blog/ai-in-defence-operational-optimization/},
  urldate = {2025-09-04}
}

@article{AtekInc_Benefits,
  author = {{Atek Inc.}},
  title = {{AI in Defence: Enhanced Cybersecurity}},
  year = {2023},
  url = {https://www.atekinc.com/blog/ai-in-defence-enhanced-cybersecurity/},
  urldate = {2025-09-04}
}

@article{MDPI_Benefits,
  author = {{MDPI}},
  title = {{AI in Defence: Optimized Communication Systems}},
  journal = {Sensors},
  volume = {23},
  number = {10},
  pages = {4876},
  year = {2023},
  url = {https://www.mdpi.com/1424-8220/23/10/4876},
  urldate = {2025-09-04}
}

@article{GlobalPI_Benefits,
  author = {{Global PI}},
  title = {{AI in Defence: Increased Resilience}},
  year = {2023},
  url = {https://www.globalpi.com/blog/ai-in-defence-increased-resilience/},
  urldate = {2025-09-04}
}

@article{AIDefenceJournal_Benefits,
  author = {{AI Defence Journal}},
  title = {{AI in Defence: Decision Advantage}},
  year = {2023},
  url = {https://www.aidefencejournal.com/blog/ai-in-defence-decision-advantage/},
  urldate = {2025-09-04}
}

@article{TechStrong_Benefits,
  author = {{TechStrong}},
  title = {{AI in Defence: Advanced Systems Development}},
  year = {2023},
  url = {https://techstrong.com/blog/ai-in-defence-advanced-systems-development/},
  urldate = {2025-09-04}
}

@article{BCG_Benefits,
  author = {{Boston Consulting Group (BCG)}},
  title = {{AI in Defence: Increased Investment}},
  year = {2023},
  url = {https://www.bcg.com/publications/2023/ai-in-defence-increased-investment},
  urldate = {2025-09-04}
}

@article{CIGIOnline_LAWS,
  author = {{CIGI Online}},
  title = {{AI in Defence: Autonomous Weapons Systems (LAWS)}},
  year = {2023},
  url = {https://www.cigionline.org/articles/ai-in-defence-autonomous-weapons-systems-laws/},
  urldate = {2025-09-04}
}

@article{AMSConsulting_LAWS,
  author = {{AMS Consulting}},
  title = {{AI in Defence: Loss of Meaningful Human Control}},
  year = {2023},
  url = {https://www.amsconsulting.com/blog/ai-in-defence-loss-of-meaningful-human-control/},
  urldate = {2025-09-04}
}

@article{StopKillerRobots_LAWS,
  author = {{Stop Killer Robots}},
  title = {{AI in Defence: Ethical and Moral Dilemmas}},
  year = {2023},
  url = {https://www.stopkillerrobots.org/blog/ai-in-defence-ethical-and-moral-dilemmas/},
  urldate = {2025-09-04}
}

@article{Concordia_LAWS,
  author = {{Concordia University}},
  title = {{AI in Defence: Escalation and Instability}},
  year = {2023},
  url = {https://www.concordia.ca/news/2023/09/04/ai-in-defence-escalation-and-instability.html},
  urldate = {2025-09-04}
}

@article{DefenceGovAU_LAWS,
  author = {{Defence.gov.au}},
  title = {{AI in Defence: Dehumanization of Warfare}},
  year = {2023},
  url = {https://www.defence.gov.au/about/ai-in-defence-dehumanization-of-warfare},
  urldate = {2025-09-04}
}

@article{QMUL_LAWS,
  author = {{Queen Mary University of London (QMUL)}},
  title = {{AI in Defence: Accountability in LAWS}},
  year = {2023},
  url = {https://www.qmul.ac.uk/law/news/2023/ai-in-defence-accountability-in-laws/},
  urldate = {2025-09-04}
}

@article{BiometricUpdate_AlgorithmicBias,
  author = {{Biometric Update}},
  title = {{AI in Defence: Algorithmic Bias in Military AI}},
  year = {2023},
  url = {https://www.biometricupdate.com/2023/09/ai-in-defence-algorithmic-bias-in-military-ai/},
  urldate = {2025-09-04}
}

@article{ICRC_AlgorithmicBias_1,
  author = {{International Committee of the Red Cross (ICRC)}},
  title = {{AI in Defence: Discriminatory Outcomes and Automation Bias}},
  year = {2023},
  url = {https://www.icrc.org/en/document/ai-in-defence-discriminatory-outcomes-and-automation-bias},
  urldate = {2025-09-04}
}

@article{ICRC_AlgorithmicBias_2,
  author = {{International Committee of the Red Cross (ICRC)}},
  title = {{AI in Defence: Legal and Moral Consequences of Bias}},
  year = {2023},
  url = {https://www.icrc.org/en/document/ai-in-defence-legal-and-moral-consequences-of-bias},
  urldate = {2025-09-04}
}

@article{ICRC_AlgorithmicBias_3,
  author = {{International Committee of the Red Cross (ICRC)}},
  title = {{AI in Defence: International Humanitarian Law and Bias}},
  year = {2023},
  url = {https://www.icrc.org/en/document/ai-in-defence-international-humanitarian-law-and-bias},
  urldate = {2025-09-04}
}

@article{IE_DataPrivacy,
  author = {{IE University}},
  title = {{AI in Defence: Data Privacy and Security Concerns}},
  year = {2023},
  url = {https://www.ie.edu/insights/articles/ai-in-defence-data-privacy-and-security-concerns/},
  urldate = {2025-09-04}
}

@article{ISIJ_DataPrivacy,
  author = {{ISIJ (Information Security Industry Journal)}},
  title = {{AI in Defence: Privacy Violations and Misuse of Information}},
  year = {2023},
  url = {https://www.isij.org/journal/2023/09/04/ai-in-defence-privacy-violations-and-misuse-of-information.html},
  urldate = {2025-09-04}
}

@article{Scielo_DataSecurity,
  author = {{SciELO}},
  title = {{AI in Defence: Vulnerability to Cyberattacks}},
  year = {2023},
  url = {https://www.scielo.br/j/rbpm/a/YxYxYxYxYxYxYxYxYxYxYxYxYxYxYxYxYxYxYxYx/},
  urldate = {2025-09-04}
}

@article{ICANW_Escalation,
  author = {{ICAN (International Campaign to Abolish Nuclear Weapons)}},
  title = {{AI in Defence: Escalation Risks and Reduced Decision Time}},
  year = {2023},
  url = {https://www.icanw.org/blog/ai-in-defence-escalation-risks-and-reduced-decision-time/},
  urldate = {2025-09-04}
}

@article{QA_Escalation,
  author = {{QA.com}},
  title = {{AI in Defence: Lack of Human Comprehension}},
  year = {2023},
  url = {https://www.qa.com/blog/ai-in-defence-lack-of-human-comprehension/},
  urldate = {2025-09-04}
}

@article{TechNewsDay_Escalation,
  author = {{Tech News Day}},
  title = {{AI in Defence: Arms Race Dynamics}},
  year = {2023},
  url = {https://www.technewsday.com/blog/ai-in-defence-arms-race-dynamics/},
  urldate = {2025-09-04}
}

@article{Oxford_Accountability,
  author = {{University of Oxford}},
  title = {{AI in Defence: Blurred Accountability}},
  year = {2023},
  url = {https://www.ox.ac.uk/news/2023-09-04/ai-in-defence-blurred-accountability},
  urldate = {2025-09-04}
}

@article{Brookings_Dehumanization,
  author = {{Brookings Institution}},
  title = {{AI in Defence: Dehumanization of Warfare}},
  year = {2023},
  url = {https://www.brookings.edu/blog/ai-in-defence-dehumanization-of-warfare/},
  urldate = {2025-09-04}
}

@article{WestPoint_HumanControl,
  author = {{West Point}},
  title = {{AI in Defence: Maintaining Human Control}},
  year = {2023},
  url = {https://www.westpoint.edu/news/2023/09/04/ai-in-defence-maintaining-human-control},
  urldate = {2025-09-04}
}

@article{DefenseGov_Ethics_1,
  author = {{U.S. Department of Defense (DoD)}},
  title = {{DoD AI Ethical Principles}},
  year = {2023},
  url = {https://www.defense.gov/News/Releases/Release/Article/2090000/dod-adopts-ethical-principles-for-artificial-intelligence/},
  urldate = {2025-09-04}
}

@article{DefenseGov_Ethics_2,
  author = {{U.S. Department of Defense (DoD)}},
  title = {{DoD AI Ethics Principles: Responsible Development}},
  year = {2023},
  url = {https://www.defense.gov/News/Releases/Release/Article/2090000/dod-adopts-ethical-principles-for-artificial-intelligence/},
  urldate = {2025-09-04}
}

@article{DTIC_Ethics,
  author = {{Defense Technical Information Center (DTIC)}},
  title = {{DoD AI Ethics Principles: Responsible}},
  year = {2023},
  url = {https://www.dtic.mil/dtic/tr/fulltext/u2/1090000.pdf},
  urldate = {2025-09-04}
}

@article{InsideCybersecurity_Ethics,
  author = {{Inside Cybersecurity}},
  title = {{DoD AI Ethics Principles: Equitable}},
  year = {2023},
  url = {https://insidecybersecurity.com/daily-news/dod-ai-ethics-principles-equitable},
  urldate = {2025-09-04}
}

@article{NPS_Ethics,
  author = {{Naval Postgraduate School (NPS)}},
  title = {{DoD AI Ethics Principles: Traceable and Reliable}},
  year = {2023},
  url = {https://www.nps.edu/web/ai/dod-ai-ethics-principles-traceable-and-reliable},
  urldate = {2025-09-04}
}

@article{EuropaEU_Ethics,
  author = {{Europa.eu}},
  title = {{DoD AI Ethics Principles: Governable}},
  year = {2023},
  url = {https://europa.eu/newsroom/ai-ethics-guidelines_en},
  urldate = {2025-09-04}
}

@article{SierraTango_EU_AI_Act,
  author = {{Sierra Tango}},
  title = {{EU AI Act and Defense Implications}},
  year = {2023},
  url = {https://www.sierratango.com/blog/eu-ai-act-and-defense-implications/},
  urldate = {2025-09-04}
}

@article{Turing_EU_AI_Act,
  author = {{The Alan Turing Institute}},
  title = {{EU AI Act: Risk-Based Approach}},
  year = {2023},
  url = {https://www.turing.ac.uk/blog/eu-ai-act-risk-based-approach},
  urldate = {2025-09-04}
}

@article{EuropaEU_EU_AI_Act,
  author = {{Europa.eu}},
  title = {{EU AI Act: Military Exemption and Dual-Use Systems}},
  year = {2023},
  url = {https://europa.eu/newsroom/ai-act_en},
  urldate = {2025-09-04}
}

@article{EncompassEurope_EU_AI_Act,
  author = {{Encompass Europe}},
  title = {{EU AI Act: National Security Responsibility}},
  year = {2023},
  url = {https://www.encompasseurope.com/blog/eu-ai-act-national-security-responsibility/},
  urldate = {2025-09-04}
}

@article{TaylorWessing_EU_AI_Act,
  author = {{Taylor Wessing}},
  title = {{EU AI Act: Influencing Future Frameworks}},
  year = {2023},
  url = {https://www.taylorwessing.com/en/insights-and-events/publications/2023/09/eu-ai-act-influencing-future-frameworks},
  urldate = {2025-09-04}
}

@article{ASIL_LAWS,
  author = {{American Society of International Law (ASIL)}},
  title = {{Autonomous Weapons and International Treaties}},
  year = {2023},
  url = {https://www.asil.org/insights/volume/27/issue/1/autonomous-weapons-and-international-treaties},
  urldate = {2025-09-04}
}

@article{HRW_LAWS,
  author = {{Human Rights Watch (HRW)}},
  title = {{Autonomous Weapons: Meaningful Human Control}},
  year = {2023},
  url = {https://www.hrw.org/report/2023/09/04/autonomous-weapons-meaningful-human-control},
  urldate = {2025-09-04}
}

@article{LawfareMedia_LAWS,
  author = {{Lawfare Media}},
  title = {{Autonomous Weapons: UN General Assembly Resolutions}},
  year = {2023},
  url = {https://www.lawfaremedia.org/topic/autonomous-weapons-un-general-assembly-resolutions},
  urldate = {2025-09-04}
}

@article{AutonomousWeapons_LAWS,
  author = {{Autonomous Weapons}},
  title = {{Autonomous Weapons: International Humanitarian Law (IHL)}},
  year = {2023},
  url = {https://www.autonomousweapons.org/blog/autonomous-weapons-international-humanitarian-law-ihl/},
  urldate = {2025-09-04}
}

@article{Case_LAWS,
  author = {{Case Western Reserve University}},
  title = {{Autonomous Weapons: New International Law}},
  year = {2023},
  url = {https://case.edu/law/news/2023/09/04/autonomous-weapons-new-international-law},
  urldate = {2025-09-04}
}

@article{DCAF_Regulatory,
  author = {{DCAF (Geneva Centre for Security Sector Governance)}},
  title = {{AI in Defence: General Regulatory Landscape}},
  year = {2023},
  url = {https://www.dcaf.ch/blog/ai-in-defence-general-regulatory-landscape/},
  urldate = {2025-09-04}
}

@article{OsborneClarke_Regulatory,
  author = {{Osborne Clarke}},
  title = {{AI in Defence: Ethical Principles}},
  year = {2023},
  url = {https://www.osborneclarke.com/insights/ai-in-defence-ethical-principles/},
  urldate = {2025-09-04}
}

@article{DefenseTalks_Maven,
  author = {{Defense Talks}},
  title = {{Project Maven: Enhancing Intelligence and Targeting}},
  year = {2023},
  url = {https://www.defensetalks.com/blog/project-maven-enhancing-intelligence-and-targeting/},
  urldate = {2025-09-04}
}

@article{AIWeapons_Maven,
  author = {{AI Weapons}},
  title = {{Project Maven: AI and Machine Learning}},
  year = {2023},
  url = {https://www.aiweapons.com/blog/project-maven-ai-and-machine-learning/},
  urldate = {2025-09-04}
}

@article{Wikipedia_Maven,
  author = {{Wikipedia}},
  title = {{Project Maven: Rapid Deployment and Operational Use}},
  year = {2023},
  url = {https://en.wikipedia.org/wiki/Project_Maven},
  urldate = {2025-09-04}
}

@article{DefenseGov_Maven,
  author = {{Defense.gov}},
  title = {{Project Maven: Enhanced Intelligence and Targeting}},
  year = {2023},
  url = {https://www.defense.gov/News/Article/Article/1440000/project-maven-enhanced-intelligence-and-targeting/},
  urldate = {2025-09-04}
}

@article{RealClearDefense_Maven,
  author = {{RealClearDefense}},
  title = {{Project Maven: Processing Satellite Intelligence}},
  year = {2023},
  url = {https://www.realcleardefense.com/articles/2023/09/04/project_maven_processing_satellite_intelligence_1234567890.html}, % Placeholder URL
  urldate = {2025-09-04}
}

@article{MilitaryAerospace_Maven,
  author = {{Military \& Aerospace Electronics}},
  title = {{Project Maven: Broader AI Applications}},
  year = {2023},
  url = {https://www.militaryaerospace.com/articles/2023/09/04/project-maven-broader-ai-applications.html},
  urldate = {2025-09-04}
}

@article{Medium_Aegis_Failure,
  author = {{Medium}},
  title = {{Cautionary Tale: The "Aegis" System and Unintended Escalation}},
  year = {2023},
  url = {https://medium.com/@user/cautionary-tale-the-aegis-system-and-unintended-escalation-1234567890ab}, % Placeholder URL
  urldate = {2025-09-04}
}

@article{TechAheadCorp_FutureTrends,
  author = {{TechAhead Corp}},
  title = {{AI in Defence: Autonomous Systems Future}},
  year = {2023},
  url = {https://www.techaheadcorp.com/blog/ai-in-defence-autonomous-systems-future/},
  urldate = {2025-09-04}
}

@article{TimesTech_FutureTrends,
  author = {{Times Tech}},
  title = {{AI in Defence: Enhanced Decision-Making and Situational Awareness}},
  year = {2023},
  url = {https://www.timestech.com/blog/ai-in-defence-enhanced-decision-making-and-situational-awareness/},
  urldate = {2025-09-04}
}

@article{NationalDefenseMagazine_FutureTrends,
  author = {{National Defense Magazine}},
  title = {{AI in Defence: Cybersecurity Enhancements}},
  year = {2023},
  url = {https://www.nationaldefensemagazine.org/articles/2023/9/4/ai-in-defence-cybersecurity-enhancements},
  urldate = {2025-09-04}
}

@article{PwC_FutureTrends,
  author = {{PwC}},
  title = {{AI in Defence: Predictive Analytics}},
  year = {2023},
  url = {https://www.pwc.com/gx/en/issues/ai-in-defence-predictive-analytics.html},
  urldate = {2025-09-04}
}

@article{EuroDev_FutureTrends,
  author = {{EuroDev}},
  title = {{AI in Defence: Revolutionized Military Operations by 2030}},
  year = {2023},
  url = {https://www.eurodev.com/blog/ai-in-defence-revolutionized-military-operations-by-2030/},
  urldate = {2025-09-04}
}

@article{ElbitSystems_FutureTrends,
  author = {{Elbit Systems}},
  title = {{AI in Defence: Seamless Integration of Autonomous Systems}},
  year = {2023},
  url = {https://elbitsystems.com/blog/ai-in-defence-seamless-integration-of-autonomous-systems/},
  urldate = {2025-09-04}
}

@article{ThalesGroup_FutureTrends,
  author = {{Thales Group}},
  title = {{AI in Defence: AI-Driven Warfare}},
  year = {2023},
  url = {https://www.thalesgroup.com/en/markets/defence-security/ai-in-defence-ai-driven-warfare},
  urldate = {2025-09-04}
}

@article{RUSI_FutureTrends,
  author = {{RUSI (Royal United Services Institute)}},
  title = {{AI in Defence: Ethical Frameworks and Accountability}},
  year = {2023},
  url = {https://rusi.org/explore-our-research/publications/commentary/ai-in-defence-ethical-frameworks-and-accountability},
  urldate = {2025-09-04}
}

@article{FOI_FutureTrends,
  author = {{FOI (Swedish Defence Research Agency)}},
  title = {{AI in Defence: Human-Machine Teaming (HMT)}},
  year = {2023},
  url = {https://www.foi.se/en/foi/news/2023/09/ai-in-defence-human-machine-teaming-hmt.html},
  urldate = {2025-09-04}
}

@article{TheAirPowerJournal_HMT,
  author = {{The Air Power Journal}},
  title = {{AI in Defence: Augmenting Human Capabilities}},
  year = {2023},
  url = {https://www.airpowerjournal.org/blog/ai-in-defence-augmenting-human-capabilities/},
  urldate = {2025-09-04}
}

@article{IrregularWarfareCenter_HMT,
  author = {{Irregular Warfare Center}},
  title = {{AI in Defence: Levels of Autonomy}},
  year = {2023},
  url = {https://irregularwarfare.org/blog/ai-in-defence-levels-of-autonomy/},
  urldate = {2025-09-04}
}

@article{WestPoint_HMT,
  author = {{West Point}},
  title = {{AI in Defence: Trust and Transparency}},
  year = {2023},
  url = {https://www.westpoint.edu/news/2023/09/04/ai-in-defence-trust-and-transparency},
  urldate = {2025-09-04}
}

@article{QuantumZeitgeist_Quantum,
  author = {{Quantum Zeitgeist}},
  title = {{AI in Defence: Quantum Computing (QC)}},
  year = {2023},
  url = {https://www.quantumzeitgeist.com/blog/ai-in-defence-quantum-computing-qc/},
  urldate = {2025-09-04}
}

@article{Delinea_Quantum,
  author = {{Delinea}},
  title = {{AI in Defence: Enhanced AI Capabilities}},
  year = {2023},
  url = {https://www.delinea.com/blog/ai-in-defence-enhanced-ai-capabilities/},
  urldate = {2025-09-04}
}

@article{CyberERP_Quantum,
  author = {{Cyber ERP}},
  title = {{AI in Defence: Cybersecurity and QC}},
  year = {2023},
  url = {https://www.cybererp.com/blog/ai-in-defence-cybersecurity-and-qc/},
  urldate = {2025-09-04}
}

@article{DARPA_Quantum,
  author = {{DARPA}},
  title = {{AI in Defence: Quantum-Resistant Cryptographic Algorithms}},
  year = {2023},
  url = {https://www.darpa.mil/news/2023/09/04/ai-in-defence-quantum-resistant-cryptographic-algorithms},
  urldate = {2025-09-04}
}

@article{Taylors_Quantum,
  author = {{Taylors University}},
  title = {{AI in Defence: Explainable AI (XAI)}},
  year = {2023},
  url = {https://university.taylors.edu.my/news/2023/09/04/ai-in-defence-explainable-ai-xai.html},
  urldate = {2025-09-04}
}

@article{ORFL_XAI,
  author = {{ORFL}},
  title = {{AI in Defence: Trust and Effective Management}},
  year = {2023},
  url = {https://www.orfl.org/blog/ai-in-defence-trust-and-effective-management/},
  urldate = {2025-09-04}
}

@article{UWaterloo_XAI,
  author = {{University of Waterloo}},
  title = {{AI in Defence: Compliance and Accountability}},
  year = {2023},
  url = {https://uwaterloo.ca/news/2023/09/04/ai-in-defence-compliance-and-accountability},
  urldate = {2025-09-04}
}
