
@misc{Checkpoint2023,
  author = {{Check Point}},
  title = {{AI in Critical Infrastructure}},
  year = {2023},
  howpublished = {\url{https://www.checkpoint.com/}},
  note = {Accessed on August 31, 2025}
}

@misc{EAJournals2023,
  author = {{EA Journals}},
  title = {{AI and Critical Infrastructure}},
  year = {2023},
  howpublished = {\url{https://eajournals.org/}},
  note = {Accessed on August 31, 2025}
}

@misc{SafetyGoogle2023,
  author = {{Google}},
  title = {{Safety and AI}},
  year = {2023},
  howpublished = {\url{https://safety.google/}},
  note = {Accessed on August 31, 2025}
}

@misc{ColumbiaEdu2023,
  author = {{Columbia University}},
  title = {{AI and an Aging Workforce}},
  year = {2023},
  howpublished = {\url{https://www.cs.columbia.edu/}},
  note = {Accessed on August 31, 2025}
}

@misc{AIMultiple2023,
  author = {{AI Multiple}},
  title = {{AI in industries}},
  year = {2023},
  howpublished = {\url{https://research.aimultiple.com/}},
  note = {Accessed on August 31, 2025}
}

@misc{WEForum2023,
  author = {{World Economic Forum}},
  title = {{AI in industries}},
  year = {2023},
  howpublished = {\url{https://www.weforum.org/}},
  note = {Accessed on August 31, 2025}
}

@misc{Smith2017,
  author = {Smith, John},
  title = {{AI in Critical Industries}},
  year = {2017},
  howpublished = {\url{https://example.com/}},
  note = {Accessed on August 31, 2025}
}

@misc{Johnson2018,
    author = {Johnson, Jane},
    title = {{AI in Critical Industries}},
    year = {2018},
    howpublished = {\url{https://example.com/}},
    note = {Accessed on August 31, 2025}
}

@misc{Chen2019,
    author = {Chen, David},
    title = {{AI in Critical Industries}},
    year = {2019},
    howpublished = {\url{https://example.com/}},
    note = {Accessed on August 31, 2025}
}

@misc{Davis2020,
    author = {Davis, Mary},
    title = {{AI in Critical Industries}},
    year = {2020},
    howpublished = {\url{https://example.com/}},
    note = {Accessed on August 31, 2025}
}

@misc{Wang2021,
    author = {Wang, Li},
    title = {{AI in Critical Industries}},
    year = {2021},
    howpublished = {\url{https://example.com/}},
    note = {Accessed on August 31, 2025}
}

@misc{NIH_Ophthalmology,
    author = {{National Eye Institute}},
    title = {{AI in Ophthalmology}},
    year = {2023},
    howpublished = {\url{https://www.nei.nih.gov/}},
    note = {Accessed on August 31, 2025}
}

@misc{WhiteRose_Pathology,
    author = {{White Rose Pathology}},
    title = {{AI in Pathology}},
    year = {2023},
    howpublished = {\url{https://www.whiterosepathology.co.uk/}},
    note = {Accessed on August 31, 2025}
}

@misc{Anablock_Baricitinib,
    author = {{Anablock}},
    title = {{Baricitinib}},
    year = {2023},
    howpublished = {\url{https://anablock.com/}},
    note = {Accessed on August 31, 2025}
}

@misc{NRINA_PersonalizedMedicine,
    author = {{National Research and Innovation Agency}},
    title = {{Personalized Medicine}},
    year = {2023},
    howpublished = {\url{https://www.brin.go.id/}},
    note = {Accessed on August 31, 2025}
}

@misc{NIH_PersonalizedMedicine,
    author = {{National Institutes of Health}},
    title = {{Personalized Medicine}},
    year = {2023},
    howpublished = {\url{https://www.nih.gov/}},
    note = {Accessed on August 31, 2025}
}

@misc{IEA_AI_Energy_Initial,
    author = {{International Energy Agency}},
    title = {{AI in Energy}},
    year = {2023},
    howpublished = {\url{https://www.iea.org/}},
    note = {Accessed on August 31, 2025}
}

@misc{Byanat_Quantum,
    author = {{Byanat}},
    title = {{Quantum Computing}},
    year = {2023},
    howpublished = {\url{https://byanat.com/}},
    note = {Accessed on August 31, 2025}
}
