'''@article{reed2023future,
  title={The Future of Artificial Intelligence: A Review of Current Trends and Prospects},
  author={Reed, E. M.},
  year={2023},
  pages={34--57}
}

@techreport{aiindex2023,
  title        = {The AI Index 2023 Annual Report},
  author       = {Maslej, N. and Fattorini, L. and Brynjolfsson, E. and Etchemendy, J. and Ligett, K. and Lyons, T. and Manyika, J. and Ngo, H. and Niebles, J. C. and Parli, V. and Shoham, Y. and Wald, R. and Clark, J. and Perrault, R.},
  institution  = {AI Index Steering Committee, Institute for Human-Centered AI, Stanford University},
  year         = {2023},
  url          = {https://aiindex.stanford.edu/wp-content/uploads/2023/04/HAI_AI-Index-Report_2023.pdf},
  urldate      = {2025-09-01}
}

@article{boppiniti2022ethical,
  author  = {Sai Teja Boppiniti},
  title   = {ETHICAL IMPLICATIONS OF ARTIFICIAL INTELLIGENCE: A REVIEW OF EARLY RESEARCH AND PERSPECTIVES},
  journal = {International Engineering Journal for Research \& Development},
  volume  = {7},
  number  = {1},
  year    = {2022},
  url     = {https://www.iejrd.com/},
  note    = {Accessed via globalscienceresearchjournals.org}
}