@misc{lumenova.ai,
  author = {{Lumenova AI}},
  title  = {AI and Systemic Risk in Critical Infrastructure},
  year   = {2025},
  note   = {Accessed on September 1, 2025}
}

@misc{nih.gov,
  author = {{National Institutes of Health}},
  title  = {Cascading Failures in Interdependent Critical Infrastructure Systems},
  year   = {2025},
  note   = {Accessed on September 1, 2025}
}

@misc{dhs.gov,
  author = {{Department of Homeland Security}},
  title  = {AI and Cybersecurity Threats to Critical Infrastructure},
  year   = {2025},
  note   = {Accessed on September 1, 2025}
}

@misc{barracuda.com,
  author = {{Barracuda Networks}},
  title  = {Attacks on AI Systems: Data Poisoning and DoS},
  year   = {2025},
  note   = {Accessed on September 1, 2025}
}

@misc{youtube.com,
  author = {{YouTube}},
  title  = {AI System Design and Implementation Failures},
  year   = {2025},
  note   = {Accessed on September 1, 2025}
}

@misc{gtlaw.com.au,
  author = {{Greenberg Traurig}},
  title  = {Vendor Dependency and Interoperability Issues in AI Deployment},
  year   = {2025},
  note   = {Accessed on September 1, 2025}
}

@misc{kodemsecurity.com,
  author = {{Kodem Security}},
  title  = {AI for Predictive Analytics and Cybersecurity Enhancements},
  year   = {2025},
  note   = {Accessed on September 1, 2025}
}

@misc{dig.watch,
  author = {{Digital Watch}},
  title  = {Human-AI Teaming for Critical Infrastructure Security},
  year   = {2025},
  note   = {Accessed on September 1, 2025}
}
