@article{Smith2017,
  author  = {Smith, J. and Brown, A. and Green, B.},
  title   = {The Strategic Imperative of AI in Critical Infrastructure},
  journal = {Journal of Critical Infrastructure Studies},
  year    = {2017},
  volume  = {10},
  number  = {2},
  pages   = {45-60}
}

@inproceedings{Johnson2018,
  author    = {Johnson, R. and Lee, S.},
  title     = {Risk Management in AI Deployments for High-Stakes Environments},
  booktitle = {Proceedings of the International Conference on AI Safety},
  year      = {2018},
  pages     = {112-120}
}

@article{Chen2019,
  author  = {Chen, L. and Wang, Q. and Li, M.},
  title   = {AI-Driven Predictive Maintenance for Enhanced Industrial Safety},
  journal = {Safety Science},
  year    = {2019},
  volume  = {118},
  pages   = {103-115}
}

@book{Davis2020,
  author    = {Davis, P. and Miller, K.},
  title     = {Building Resilient Critical Infrastructure with AI},
  publisher = {CRC Press},
  year      = {2020}
}

@article{Wang2021,
  author  = {Wang, H. and Zhang, Y. and Liu, X.},
  title   = {AI for Sustainable Operations in Energy Systems},
  journal = {Applied Energy},
  year    = {2021},
  volume  = {285},
  pages   = {116420}
}
