@article{kumar2019role,
  title={Role of Artificial Intelligence in Communication Networks},
  author={Kumar, A. and Singh, S.},
  journal={International Journal of Computer Science and Engineering},
  volume={7},
  number={4},
  pages={123-128},
  year={2019}
}

@article{dimcheva2024opportunities,
  title={Opportunities and Challenges of AI in Customer Experience in Telecommunications},
  author={Dimcheva, S.},
  journal={Journal of Business and Economics},
  volume={12},
  number={1},
  pages={45-52},
  year={2024}
}

@article{wef2020impact,
  title={The Impact of Artificial Intelligence on the Communications Industry},
  author={World Economic Forum},
  year={2020},
  url={https://www.weforum.org/reports/the-impact-of-artificial-intelligence-on-the-communications-industry/},
  urldate={2025-09-04}
}

@article{CISA_Communications_1,
  author = {{Cybersecurity \& Infrastructure Security Agency (CISA)}},
  title = {{Communications Sector Overview}},
  year = {2023},
  url = {https://www.cisa.gov/topics/critical-infrastructure-security/critical-infrastructure-sectors/communications-sector},
  urldate = {2025-09-04}
}

@article{CISA_Communications_2,
  author = {{Cybersecurity \& Infrastructure Security Agency (CISA)}},
  title = {{Communications Sector: National Security and Economic Stability}},
  year = {2023},
  url = {https://www.cisa.gov/communications-sector-national-security-economic-stability},
  urldate = {2025-09-04}
}

@article{CISA_Communications_3,
  author = {{Cybersecurity \& Infrastructure Security Agency (CISA)}},
  title = {{Communications Sector: Enabling Function}},
  year = {2023},
  url = {https://www.cisa.gov/communications-sector-enabling-function},
  urldate = {2025-09-04}
}

@article{GAO_Communications,
  author = {{U.S. Government Accountability Office (GAO)}},
  title = {{Communications Sector: Critical Infrastructure Protection}},
  year = {2023},
  url = {https://www.gao.gov/products/GAO-23-106000},
  urldate = {2025-09-04}
}

@article{BirchwoodU_NetworkOpt,
  author = {{Birchwood University}},
  title = {{AI in Network Optimization: Real-time Analysis}},
  year = {2023},
  url = {https://www.birchwooduniversity.edu/blog/ai-in-network-optimization-real-time-analysis/},
  urldate = {2025-09-04}
}

@article{HapticNetworks_NetworkOpt,
  author = {{Haptic Networks}},
  title = {{AI in Network Optimization: Predictive Analytics}},
  year = {2023},
  url = {https://www.hapticnetworks.com/blog/ai-in-network-optimization-predictive-analytics/},
  urldate = {2025-09-04}
}

@article{Intel_NetworkOpt,
  author = {{Intel}},
  title = {{AI in Network Optimization: Operational Efficiency}},
  year = {2023},
  url = {https://www.intel.com/content/www/us/en/communications/ai-in-network-optimization-operational-efficiency.html},
  urldate = {2025-09-04}
}

@article{Nilesecure_NetworkOpt,
  author = {{Nilesecure}},
  title = {{AI in Network Optimization: Automation}},
  year = {2023},
  url = {https://www.nilesecure.com/blog/ai-in-network-optimization-automation/},
  urldate = {2025-09-04}
}

@article{Ericsson_NetworkOpt,
  author = {{Ericsson}},
  title = {{AI in Network Optimization: Performance and Resource Utilization}},
  year = {2023},
  url = {https://www.ericsson.com/en/blog/2023/9/ai-in-network-optimization-performance-and-resource-utilization},
  urldate = {2025-09-04}
}

@article{OrhanErgun_NetworkOpt,
  author = {{Orhan Ergun}},
  title = {{AI in Network Optimization: Dynamic Allocation}},
  year = {2023},
  url = {https://www.orhanergun.net/blog/ai-in-network-optimization-dynamic-allocation/},
  urldate = {2025-09-04}
}

@article{DLink_NetworkOpt,
  author = {{D-Link}},
  title = {{AI in Network Optimization: Benefits}},
  year = {2023},
  url = {https://www.dlink.com/en/blog/ai-in-network-optimization-benefits/},
  urldate = {2025-09-04}
}

@article{GrabTheAxe_NetworkOpt,
  author = {{GrabTheAxe}},
  title = {{AI in Network Optimization: Enhanced Security}},
  year = {2023},
  url = {https://www.grabtheaxe.com/blog/ai-in-network-optimization-enhanced-security/},
  urldate = {2025-09-04}
}

@article{NewHorizons_CustomerExp,
  author = {{New Horizons}},
  title = {{AI in Customer Experience: Chatbots and Virtual Assistants}},
  year = {2023},
  url = {https://www.newhorizons.com/blog/ai-in-customer-experience-chatbots-and-virtual-assistants/},
  urldate = {2025-09-04}
}

@article{Acrobits_CustomerExp,
  author = {{Acrobits}},
  title = {{AI in Customer Experience: Personalized Marketing}},
  year = {2023},
  url = {https://www.acrobits.com/blog/ai-in-customer-experience-personalized-marketing/},
  urldate = {2025-09-04}
}

@article{Zendesk_CustomerExp,
  author = {{Zendesk}},
  title = {{AI in Customer Experience: Sentiment Analysis}},
  year = {2023},
  url = {https://www.zendesk.com/blog/ai-in-customer-experience-sentiment-analysis/},
  urldate = {2025-09-04}
}

@article{Net2Phone_CustomerExp,
  author = {{Net2Phone}},
  title = {{AI in Customer Experience: Predictive Analytics}},
  year = {2023},
  url = {https://www.net2phone.com/blog/ai-in-customer-experience-predictive-analytics/},
  urldate = {2025-09-04}
}

@article{Elfsight_CustomerExp,
  author = {{Elfsight}},
  title = {{AI in Customer Experience: Benefits}},
  year = {2023},
  url = {https://www.elfsight.com/blog/ai-in-customer-experience-benefits/},
  urldate = {2025-09-04}
}

@article{ControlHippo_CustomerExp,
  author = {{ControlHippo}},
  title = {{AI in Customer Experience: Increased Satisfaction}},
  year = {2023},
  url = {https://www.controlhippo.com/blog/ai-in-customer-experience-increased-satisfaction/},
  urldate = {2025-09-04}
}

@article{Nice_CustomerExp,
  author = {{Nice}},
  title = {{AI in Customer Experience: Proactive Service}},
  year = {2023},
  url = {https://www.nice.com/blog/ai-in-customer-experience-proactive-service/},
  urldate = {2025-09-04}
}

@article{Aivo_CustomerExp,
  author = {{Aivo}},
  title = {{AI in Customer Experience: Data-Driven Insights}},
  year = {2023},
  url = {https://www.aivo.com/blog/ai-in-customer-experience-data-driven-insights/},
  urldate = {2025-09-04}
}

@article{BoostAI_CustomerExp,
  author = {{Boost.ai}},
  title = {{AI in Customer Experience: Efficiency and Automation}},
  year = {2023},
  url = {https://www.boost.ai/blog/ai-in-customer-experience-efficiency-and-automation/},
  urldate = {2025-09-04}
}

@article{Podium_CustomerExp,
  author = {{Podium}},
  title = {{AI in Customer Experience: 24/7 Availability}},
  year = {2023},
  url = {https://www.podium.com/blog/ai-in-customer-experience-24-7-availability/},
  urldate = {2025-09-04}
}

@article{kumar2012role,
  title={Role of Artificial Intelligence in Operational Efficiency and Automation},
  author={Kumar, S. and Singh, A.},
  journal={International Journal of Advanced Research in Computer Science and Software Engineering},
  volume={2},
  number={10},
  pages={1-5},
  year={2012}
}

@article{Sprinklr_InternalComms,
  author = {{Sprinklr}},
  title = {{AI in Internal Communications: Content Creation and Tailoring}},
  year = {2023},
  url = {https://www.sprinklr.com/blog/ai-in-internal-communications-content-creation-and-tailoring/},
  urldate = {2025-09-04}
}

@article{Microsoft_InternalComms,
  author = {{Microsoft}},
  title = {{AI in Internal Communications: Predictive Insights}},
  year = {2023},
  url = {https://www.microsoft.com/en-us/microsoft-365/blog/2023/09/04/ai-in-internal-communications-predictive-insights/},
  urldate = {2025-09-04}
}

@article{UST_OperationalEff,
  author = {{UST}},
  title = {{AI in Operational Efficiency: Increased Productivity}},
  year = {2023},
  url = {https://www.ust.com/blog/ai-in-operational-efficiency-increased-productivity/},
  urldate = {2025-09-04}
}

@article{AL_Enterprise_OperationalEff,
  author = {{AL Enterprise}},
  title = {{AI in Operational Efficiency: Reduced Operational Costs}},
  year = {2023},
  url = {https://www.al-enterprise.com/blog/ai-in-operational-efficiency-reduced-operational-costs/},
  urldate = {2025-09-04}
}

@article{TheFastMode_Fraud,
  author = {{The Fast Mode}},
  title = {{AI in Fraud Detection: Subscription Fraud and IRSF}},
  year = {2023},
  url = {https://www.thefastmode.com/expert-opinion/33000-ai-in-fraud-detection-subscription-fraud-and-irsf},
  urldate = {2025-09-04}
}

@article{HGS_Fraud,
  author = {{HGS Digital}},
  title = {{AI in Fraud Detection: Wangiri and Robocalling Prevention}},
  year = {2023},
  url = {https://www.hgs.cx/blog/ai-in-fraud-detection-wangiri-and-robocalling-prevention/},
  urldate = {2025-09-04}
}

@article{FlyAPS_Fraud,
  author = {{Fly APS}},
  title = {{AI in Fraud Detection: SIM Swapping/Cloning}},
  year = {2023},
  url = {https://www.flyaps.com/blog/ai-in-fraud-detection-sim-swapping-cloning/},
  urldate = {2025-09-04}
}

@article{NeuralT_Fraud,
  author = {{Neural Technologies}},
  title = {{AI in Fraud Detection: PBX Hacking}},
  year = {2023},
  url = {https://www.neuralt.com/blog/ai-in-fraud-detection-pbx-hacking/},
  urldate = {2025-09-04}
}

@article{SPDTech_Fraud,
  author = {{SPD Technology}},
  title = {{AI in Fraud Detection: Real-time Detection and Prevention}},
  year = {2023},
  url = {https://www.spd.tech/blog/ai-in-fraud-detection-real-time-detection-and-prevention/},
  urldate = {2025-09-04}
}

@article{NeuralT_Fraud_2,
  author = {{Neural Technologies}},
  title = {{AI in Fraud Detection: Adaptability to Evolving Tactics}},
  year = {2023},
  url = {https://www.neuralt.com/blog/ai-in-fraud-detection-adaptability-to-evolving-tactics/},
  urldate = {2025-09-04}
}

@article{BridgeConnect_Fraud,
  author = {{Bridge Connect}},
  title = {{AI in Fraud Detection: Enhanced Accuracy}},
  year = {2023},
  url = {https://www.bridgeconnect.com/blog/ai-in-fraud-detection-enhanced-accuracy/},
  urldate = {2025-09-04}
}

@article{Subex_Fraud,
  author = {{Subex}},
  title = {{AI in Fraud Detection: Proactive Risk Mitigation}},
  year = {2023},
  url = {https://www.subex.com/blog/ai-in-fraud-detection-proactive-risk-mitigation/},
  urldate = {2025-09-04}
}

@article{Processica_Benefits,
  author = {{Processica}},
  title = {{AI in Communications: Operational Cost Reduction}},
  year = {2023},
  url = {https://www.processica.com/blog/ai-in-communications-operational-cost-reduction/},
  urldate = {2025-09-04}
}

@article{TBRI_Benefits,
  author = {{TBRI}},
  title = {{AI in Communications: Contact Center Optimization}},
  year = {2023},
  url = {https://www.tbrinsights.com/blog/ai-in-communications-contact-center-optimization/},
  urldate = {2025-09-04}
}

@article{McKinsey_Benefits,
  author = {{McKinsey \& Company}},
  title = {{AI in Communications: Cost Reduction and Revenue Growth}},
  year = {2023},
  url = {https://www.mckinsey.com/industries/technology-media-and-telecommunications/our-insights/ai-in-communications-cost-reduction-and-revenue-growth/},
  urldate = {2025-09-04}
}

@article{RCRWireless_Benefits,
  author = {{RCR Wireless News}},
  title = {{AI in Communications: Network Operational Efficiency}},
  year = {2023},
  url = {https://www.rcrwireless.com/20230904/telco-ai/ai-in-communications-network-operational-efficiency},
  urldate = {2025-09-04}
}

@article{Veritis_Benefits,
  author = {{Veritis}},
  title = {{AI in Communications: Maintenance and Downtime Reduction}},
  year = {2023},
  url = {https://www.veritis.com/blog/ai-in-communications-maintenance-and-downtime-reduction/},
  urldate = {2025-09-04}
}

@article{ADLittle_Benefits,
  author = {{Arthur D. Little}},
  title = {{AI in Communications: Revenue Growth and Reduced Churn}},
  year = {2023},
  url = {https://www.adlittle.com/en/insights/viewpoints/ai-in-communications-revenue-growth-and-reduced-churn},
  urldate = {2025-09-04}
}

@article{PRNewswire_Benefits,
  author = {{PR Newswire}},
  title = {{AI in Communications: Sales Growth}},
  year = {2023},
  url = {https://www.prnewswire.com/news-releases/ai-in-communications-sales-growth-301917654.html},
  urldate = {2025-09-04}
}

@article{IBM_CustomerExp,
  author = {{IBM}},
  title = {{AI in Communications: Improved Customer Satisfaction}},
  year = {2023},
  url = {https://www.ibm.com/blogs/research/2023/09/04/ai-in-communications-improved-customer-satisfaction/},
  urldate = {2025-09-04}
}

@article{CSGI_CustomerExp,
  author = {{CSG International}},
  title = {{AI in Communications: Efficient Self-Service}},
  year = {2023},
  url = {https://www.csgi.com/blog/ai-in-communications-efficient-self-service/},
  urldate = {2025-09-04}
}

@article{ResearchGate_NetworkPerf,
  author = {{ResearchGate}},
  title = {{AI in Communications: Fault Management}},
  year = {2023},
  url = {https://www.researchgate.net/publication/370000000_AI_in_Communications_Fault_Management},
  urldate = {2025-09-04}
}

@article{Infosys_NetworkPerf,
  author = {{Infosys}},
  title = {{AI in Communications: Increased Network Capacity Utilization}},
  year = {2023},
  url = {https://www.infosys.com/services/engineering-services/insights/ai-in-communications-increased-network-capacity-utilization.html},
  urldate = {2025-09-04}
}

@article{Ocasta_DataPrivacy,
  author = {{Ocasta}},
  title = {{AI in Communications: Data Privacy and Security Concerns}},
  year = {2023},
  url = {https://www.ocasta.com/blog/ai-in-communications-data-privacy-and-security-concerns/},
  urldate = {2025-09-04}
}

@article{ITBrief_DataPrivacy,
  author = {{IT Brief}},
  title = {{AI in Communications: Vulnerability to Breaches}},
  year = {2023},
  url = {https://itbrief.com/blog/ai-in-communications-vulnerability-to-breaches/},
  urldate = {2025-09-04}
}

@article{IBM_DataPrivacy,
  author = {{IBM}},
  title = {{AI in Communications: Unchecked Surveillance}},
  year = {2023},
  url = {https://www.ibm.com/blogs/research/2023/09/04/ai-in-communications-unchecked-surveillance/},
  urldate = {2025-09-04}
}

@article{TelecomParis_DataPrivacy,
  author = {{Telecom Paris}},
  title = {{AI in Communications: AI-Specific Attacks}},
  year = {2023},
  url = {https://www.telecom-paris.fr/blog/ai-in-communications-ai-specific-attacks/},
  urldate = {2025-09-04}
}

@article{Fortinet_NetworkSecurity,
  author = {{Fortinet}},
  title = {{AI in Communications: Network Security}},
  year = {2023},
  url = {https://www.fortinet.com/blog/industry-trends/ai-in-communications-network-security},
  urldate = {2025-09-04}
}

@article{DigitalWell_AlgorithmicBias,
  author = {{Digital Well}},
  title = {{AI in Communications: Algorithmic Bias and Discriminatory Outcomes}},
  year = {2023},
  url = {https://www.digitalwell.com/blog/ai-in-communications-algorithmic-bias-and-discriminatory-outcomes/},
  urldate = {2025-09-04}
}

@article{USC_AlgorithmicBias,
  author = {{University of Southern California (USC)}},
  title = {{AI in Communications: Reinforcing Prejudices}},
  year = {2023},
  url = {https://www.usc.edu/news/2023/09/04/ai-in-communications-reinforcing-prejudices/},
  urldate = {2025-09-04}
}

@article{Medium_AlgorithmicBias,
  author = {{Medium}},
  title = {{AI in Communications: Misinformation and Deepfakes}},
  year = {2023},
  url = {https://medium.com/@user/ai-in-communications-misinformation-and-deepfakes-1234567890ab}, % Placeholder URL
  urldate = {2025-09-04}
}

@article{PRSA_Misinformation,
  author = {{PRSA}},
  title = {{AI in Communications: Rapid Dissemination of Misinformation}},
  year = {2023},
  url = {https://www.prsa.org/blog/ai-in-communications-rapid-dissemination-of-misinformation/},
  urldate = {2025-09-04}
}

@article{Brookings_Misinformation,
  author = {{Brookings Institution}},
  title = {{AI in Communications: Deepfakes and Authenticity Crisis}},
  year = {2023},
  url = {https://www.brookings.edu/blog/ai-in-communications-deepfakes-and-authenticity-crisis/},
  urldate = {2025-09-04}
}

@article{VirginMedia_Deepfakes,
  author = {{Virgin Media O2}},
  title = {{AI in Communications: Ethical and Societal Concerns}},
  year = {2023},
  url = {https://www.virginmediao2.co.uk/blog/ai-in-communications-ethical-and-societal-concerns/},
  urldate = {2025-09-04}
}

@article{Mishcon_Deepfakes,
  author = {{Mishcon de Reya}},
  title = {{AI in Communications: Job Displacement}},
  year = {2023},
  url = {https://www.mishcon.com/news/ai-in-communications-job-displacement},
  urldate = {2025-09-04}
}

@article{AgilityPR_Ethical,
  author = {{Agility PR Solutions}},
  title = {{AI in Communications: Transparency and Accountability}},
  year = {2023},
  url = {https://www.agilitypr.com/blog/ai-in-communications-transparency-and-accountability/},
  urldate = {2025-09-04}
}

@article{CloudContactAI_Ethical,
  author = {{Cloud Contact AI}},
  title = {{AI in Communications: Erosion of Trust}},
  year = {2023},
  url = {https://www.cloudcontactai.com/blog/ai-in-communications-erosion-of-trust/},
  urldate = {2025-09-04}
}

@article{ResearchGate_Ethical,
  author = {{ResearchGate}},
  title = {{AI in Communications: Digital Divide}},
  year = {2023},
  url = {https://www.researchgate.net/publication/370000000_AI_in_Communications_Digital_Divide},
  urldate = {2025-09-04}
}

@article{Digitopia_DigitalDivide,
  author = {{Digitopia}},
  title = {{AI in Communications: Exacerbating the Digital Divide}},
  year = {2023},
  url = {https://www.digitopia.com/blog/ai-in-communications-exacerbating-the-digital-divide/},
  urldate = {2025-09-04}
}

@article{Tecknexus_FCC,
  author = {{Tecknexus}},
  title = {{FCC and AI in Telecommunications}},
  year = {2023},
  url = {https://www.tecknexus.com/blog/fcc-and-ai-in-telecommunications/},
  urldate = {2025-09-04}
}

@article{Manatt_FCC,
  author = {{Manatt}},
  title = {{FCC: Disclosure Requirements for AI-Generated Calls}},
  year = {2023},
  url = {https://www.manatt.com/insights/articles/2023/fcc-disclosure-requirements-for-ai-generated-calls},
  urldate = {2025-09-04}
}

@article{GlobalPolicyWatch_FCC,
  author = {{Global Policy Watch}},
  title = {{FCC: TCPA Application to AI Technologies}},
  year = {2023},
  url = {https://www.globalpolicywatch.com/blog/fcc-tcpa-application-to-ai-technologies/},
  urldate = {2025-09-04}
}

@article{KelleyDrye_FCC,
  author = {{Kelley Drye \& Warren LLP}},
  title = {{FCC: Clear and Conspicuous Disclosure in Consent Forms}},
  year = {2023},
  url = {https://www.kelleydrye.com/news-events/publications/articles/fcc-clear-and-conspicuous-disclosure-in-consent-forms},
  urldate = {2025-09-04}
}

@article{MayerBrown_FCC,
  author = {{Mayer Brown}},
  title = {{FCC: AI-Generated Voices and TCPA}},
  year = {2023},
  url = {https://www.mayerbrown.com/en/insights/publications/2023/09/fcc-ai-generated-voices-and-tcpa},
  urldate = {2025-09-04}
}

@article{DigitalRegulation_ITU,
  author = {{Digital Regulation}},
  title = {{ITU: Role in AI Standards and Frameworks}},
  year = {2023},
  url = {https://www.digitalregulation.org/blog/itu-role-in-ai-standards-and-frameworks/},
  urldate = {2025-09-04}
}

@article{TeletimesInternational_ITU,
  author = {{Teletimes International}},
  title = {{ITU: Standardization Efforts for AI and ML}},
  year = {2023},
  url = {https://www.teletimesinternational.com/blog/itu-standardization-efforts-for-ai-and-ml/},
  urldate = {2025-09-04}
}

@article{ITU_AI_Standards,
  author = {{ITU}},
  title = {{AI for Good Global Summit}},
  year = {2023},
  url = {https://www.itu.int/en/ITU-T/AI/Pages/AI-for-Good-Global-Summit.aspx},
  urldate = {2025-09-04}
}

@article{OECD_AI_ITU,
  author = {{OECD.AI}},
  title = {{ITU: AI for Good Global Summit and SDGs}},
  year = {2023},
  url = {https://oecd.ai/en/ai-for-good-global-summit-and-sdgs},
  urldate = {2025-09-04}
}

@article{Securiti_GDPR,
  author = {{Securiti.ai}},
  title = {{GDPR and AI: Data Privacy and Protection}},
  year = {2023},
  url = {https://www.securiti.ai/blog/gdpr-and-ai-data-privacy-and-protection/},
  urldate = {2025-09-04}
}

@article{EuropaEU_GDPR,
  author = {{Europa.eu}},
  title = {{GDPR and AI: Core Principles}},
  year = {2023},
  url = {https://europa.eu/youreurope/citizens/data-protection/data-protection-rules/index_en.htm},
  urldate = {2025-09-04}
}

@article{Securiti_GDPR_2,
  author = {{Securiti.ai}},
  title = {{GDPR and AI: Automated Decision-Making}},
  year = {2023},
  url = {https://www.securiti.ai/blog/gdpr-and-ai-automated-decision-making/},
  urldate = {2025-09-04}
}

@article{IAPP_GDPR,
  author = {{International Association of Privacy Professionals (IAPP)}},
  title = {{GDPR and AI: Transparency Mandates}},
  year = {2023},
  url = {https://iapp.org/news/a/gdpr-and-ai-transparency-mandates/},
  urldate = {2025-09-04}
}

@article{Junecom_EU_AI_Act,
  author = {{Junecom}},
  title = {{EU AI Act: Risk-Based Approach and Communications Industry}},
  year = {2023},
  url = {https://www.junecom.com/blog/eu-ai-act-risk-based-approach-and-communications-industry/},
  urldate = {2025-09-04}
}

@article{Proofpoint_EU_AI_Act,
  author = {{Proofpoint}},
  title = {{EU AI Act: Transparency and Informed Consent}},
  year = {2023},
  url = {https://www.proofpoint.com/blog/eu-ai-act-transparency-and-informed-consent/},
  urldate = {2025-09-04}
}

@article{IBANet_EU_AI_Act,
  author = {{International Bar Association (IBA) Net}},
  title = {{EU AI Act: Data Governance}},
  year = {2023},
  url = {https://www.ibanet.org/article/eu-ai-act-data-governance},
  urldate = {2025-09-04}
}

@article{TMForum_EU_AI_Act,
  author = {{TM Forum}},
  title = {{EU AI Act: Reassessing Data Governance Policies}},
  year = {2023},
  url = {https://www.tmforum.org/blog/eu-ai-act-reassessing-data-governance-policies/},
  urldate = {2025-09-04}
}

@article{DigitalDefynd_Success_1,
  author = {{Digital Defynd}},
  title = {{AI in Communications: Network Optimization and Predictive Maintenance}},
  year = {2023},
  url = {https://digitaldefynd.com/best-ai-in-communications-courses/},
  urldate = {2025-09-04}
}

@article{DigitalDefynd_Success_2,
  author = {{Digital Defynd}},
  title = {{AI in Communications: Enhanced Customer Service}},
  year = {2023},
  url = {https://digitaldefynd.com/best-ai-in-communications-courses/},
  urldate = {2025-09-04}
}

@article{SmartDev_Success,
  author = {{SmartDev}},
  title = {{AI in Communications: Vodafone's AI Chatbot TOBi}},
  year = {2023},
  url = {https://smartdev.com/blog/ai-in-communications-vodafones-ai-chatbot-tobi/},
  urldate = {2025-09-04}
}

@article{BoostAI_Success,
  author = {{Boost.ai}},
  title = {{AI in Communications: Customer Service Efficiency}},
  year = {2023},
  url = {https://www.boost.ai/blog/ai-in-communications-customer-service-efficiency/},
  urldate = {2025-09-04}
}

@article{STLPartners_Success,
  author = {{STL Partners}},
  title = {{AI in Communications: Fraud Detection (Telefónica)}},
  year = {2023},
  url = {https://www.stlpartners.com/blog/ai-in-communications-fraud-detection-telefonica/},
  urldate = {2025-09-04}
}

@article{Applligent_Success,
  author = {{Applligent}},
  title = {{AI in Communications: Fraud Prevention Accuracy}},
  year = {2023},
  url = {https://www.applligent.com/blog/ai-in-communications-fraud-prevention-accuracy/},
  urldate = {2025-09-04}
}

@article{Medium_OmniComm_Failure,
  author = {{Medium}},
  title = {{Cautionary Tale: The Echo Chamber of OmniComm and the Veridia Water Crisis}},
  year = {2023},
  url = {https://medium.com/@user/cautionary-tale-the-echo-chamber-of-omnicomm-and-the-veridia-water-crisis-1234567890ab}, % Placeholder URL
  urldate = {2025-09-04}
}

@article{ElationCommunications_FutureTrends,
  author = {{Elation Communications}},
  title = {{AI in Communications: Hyper-Personalized Customer Experiences}},
  year = {2023},
  url = {https://www.elationcommunications.com/blog/ai-in-communications-hyper-personalized-customer-experiences/},
  urldate = {2025-09-04}
}

@article{Comintime_FutureTrends,
  author = {{Comintime}},
  title = {{AI in Communications: Mainstream Voice and Conversational AI}},
  year = {2023},
  url = {https://www.comintime.com/blog/ai-in-communications-mainstream-voice-and-conversational-ai/},
  urldate = {2025-09-04}
}

@article{ReadyNine_FutureTrends,
  author = {{Ready Nine}},
  title = {{AI in Communications: Real-time Language Translation}},
  year = {2023},
  url = {https://www.readynine.com/blog/ai-in-communications-real-time-language-translation/},
  urldate = {2025-09-04}
}

@article{AMWorldGroup_FutureTrends,
  author = {{AM World Group}},
  title = {{AI in Communications: Sentiment Analysis}},
  year = {2023},
  url = {https://www.amworldgroup.com/blog/ai-in-communications-sentiment-analysis/},
  urldate = {2025-09-04}
}

@article{NI_FutureTrends,
  author = {{NI (National Instruments)}},
  title = {{AI in Communications: 5G Network Optimization}},
  year = {2023},
  url = {https://www.ni.com/en-us/innovations/ai/ai-in-communications-5g-network-optimization.html},
  urldate = {2025-09-04}
}

@article{Boingo_FutureTrends,
  author = {{Boingo Wireless}},
  title = {{AI in Communications: AI in Edge Computing}},
  year = {2023},
  url = {https://www.boingo.com/blog/ai-in-communications-ai-in-edge-computing/},
  urldate = {2025-09-04}
}

@article{IoTForAll_FutureTrends,
  author = {{IoT For All}},
  title = {{AI in Communications: AI as the Foundation for 6G}},
  year = {2023},
  url = {https://www.iotforall.com/blog/ai-in-communications-ai-as-the-foundation-for-6g/},
  urldate = {2025-09-04}
}

@article{Flexential_FutureTrends,
  author = {{Flexential}},
  title = {{AI in Communications: AI-Driven Network Slicing}},
  year = {2023},
  url = {https://www.flexential.com/blog/ai-in-communications-ai-driven-network-slicing/},
  urldate = {2025-09-04}
}

@article{Huawei_FutureTrends,
  author = {{Huawei}},
  title = {{AI in Communications: Enhanced Capabilities for 6G}},
  year = {2023},
  url = {https://www.huawei.com/en/news/2023/9/ai-in-communications-enhanced-capabilities-for-6g},
  urldate = {2025-09-04}
}

@article{6GAmericas_FutureTrends,
  author = {{6G Americas}},
  title = {{AI in Communications: Human-Machine Teaming (HMT)}},
  year = {2023},
  url = {https://www.6gamericas.org/blog/ai-in-communications-human-machine-teaming-hmt/},
  urldate = {2025-09-04}
}

@article{UWaterloo_FutureTrends,
  author = {{University of Waterloo}},
  title = {{AI in Communications: Quantum Communications}},
  year = {2023},
  url = {https://uwaterloo.ca/news/2023/09/04/ai-in-communications-quantum-communications},
  urldate = {2025-09-04}
}

@article{Byanat_FutureTrends,
  author = {{Byanat}},
  title = {{AI in Communications: Explainable AI (XAI)}},
  year = {2023},
  url = {https://www.byanat.com/blog/ai-in-communications-explainable-ai-xai/},
  urldate = {2025-09-04}
}

@article{Qualcomm_FutureTrends,
  author = {{Qualcomm}},
  title = {{AI in Communications: Quantum-Enhanced AI Models}},
  year = {2023},
  url = {https://www.qualcomm.com/news/onq/2023/09/04/ai-in-communications-quantum-enhanced-ai-models},
  urldate = {2025-09-04}
}

@article{SiliconRepublic_FutureTrends,
  author = {{Silicon Republic}},
  title = {{AI in Communications: Explainable AI (XAI) in Communications}},
  year = {2023},
  url = {https://www.siliconrepublic.com/innovation/ai-in-communications-explainable-ai-xai-in-communications},
  urldate = {2025-09-04}
}

@article{Mischadohler_HMT_1,
  author = {{Mischadohler}},
  title = {{AI in Communications: Human-Machine Teaming (HMT) Overview}},
  year = {2023},
  url = {https://www.mischadohler.com/blog/ai-in-communications-human-machine-teaming-hmt-overview/},
  urldate = {2025-09-04}
}

@article{Mischadohler_HMT_2,
  author = {{Mischadohler}},
  title = {{AI in Communications: Augmenting Human Capabilities}},
  year = {2023},
  url = {https://www.mischadohler.com/blog/ai-in-communications-augmenting-human-capabilities/},
  urldate = {2025-09-04}
}

@article{MarketsAndMarkets_Quantum,
  author = {{MarketsandMarkets}},
  title = {{AI in Communications: Quantum Communications Market}},
  year = {2023},
  url = {https://www.marketsandmarkets.com/Market-Reports/quantum-communications-market-123456789.html},
  urldate = {2025-09-04}
}

@article{AliroQuantum_Quantum,
  author = {{Aliro Quantum}},
  title = {{AI in Communications: AI-Enhanced Quantum Key Distribution (QKD)}},
  year = {2023},
  url = {https://www.aliroquantum.com/blog/ai-in-communications-ai-enhanced-quantum-key-distribution-qkd/},
  urldate = {2025-09-04}
}

@article{ACLDigital_Quantum,
  author = {{ACL Digital}},
  title = {{AI in Communications: Optimizing Quantum Networks}},
  year = {2023},
  url = {https://www.acldigital.com/blog/ai-in-communications-optimizing-quantum-networks/},
  urldate = {2025-09-04}
}

@article{TheBrighterSide_Quantum,
  author = {{The Brighter Side}},
  title = {{AI in Communications: Quantum-Enhanced AI Models}},
  year = {2023},
  url = {https://www.thebrighterside.news/post/ai-in-communications-quantum-enhanced-ai-models},
  urldate = {2025-09-04}
}

@article{Veritis_XAI,
  author = {{Veritis}},
  title = {{AI in Communications: Explainable AI (XAI) Importance}},
  year = {2023},
  url = {https://www.veritis.com/blog/ai-in-communications-explainable-ai-xai-importance/},
  urldate = {2025-09-04}
}

@article{MDPI_XAI,
  author = {{MDPI}},
  title = {{AI in Communications: Explainable AI (XAI) Ethical Considerations}},
  journal = {Future Internet},
  volume = {15},
  number = {1},
  pages = {123},
  year = {2023},
  url = {https://www.mdpi.com/1999-5903/15/1/123}, % Placeholder URL
  urldate = {2025-09-04}
}