@article{Wang2019,
  author  = {Wang, Y.},
  title   = {Data Quality for AI and Machine Learning},
  journal = {--}, % Please fill in the journal or publication name
  year    = {2019},
  volume  = {--},
  number  = {--},
  pages   = {--},
  note    = {Please verify publication details as exact match was not found.}
}

@InProceedings{Buolamwini2018,
  title = {Gender Shades: Intersectional Accuracy Disparities in Commercial Gender Classification},
  author = {Buolamwini, Joy and Gebru, Timnit},
  booktitle = {Proceedings of the 1st Conference on Fairness, Accountability and Transparency},
  pages = {77--91},
  year = {2018},
  editor = {Friedler, Sorelle A. and Wilson, Christo and Ziewitz, Malte},
  volume = {81},
  series = {Proceedings of Machine Learning Research},
  address = {New York, New York, USA},
  month = {23--24 Feb},
  publisher = {PMLR},
  pdf = {http://proceedings.mlr.press/v81/buolamwini18a/buolamwini18a.pdf},
  url = {https://proceedings.mlr.press/v81/buolamwini18a.html},
}

@misc{Milvus2023,
  author = {{Milvus}},
  title = {{The Data Lifecycle in AI/ML Projects}},
  year = {2023},
  howpublished = {Online; General concept discussed by Milvus},
  note = {This entry refers to a general concept or topic discussed by Milvus in 2023, as no specific publication with this exact title was found.},
  url = {https://milvus.io/}
}

@misc{DataCamp2023,
  author = {{DataCamp}},
  title = {{The Data Science Lifecycle}},
  year = {2023},
  howpublished = {\url{https://www.datacamp.com/blog/data-life-cycle-theory}},
  note = {Accessed: 2025-08-31}
}

@misc{Komprise2023,
  author = {{Komprise}},
  title = {{State of Unstructured Data Management Report 2023: Data Storage and Management for AI}},
  year = {2023},
  note = {Company Report},
  url = {https://www.komprise.com/resources/reports/state-of-unstructured-data-management-report-2023/}
}

@online{GeeksforGeeks2023,
  author = {{GeeksforGeeks}},
  title = {{Data Science Lifecycle}},
  year = {2023},
  month = {Feb},
  day = {20},
  howpublished = {\url{https://www.geeksforgeeks.org/data-science-lifecycle/}},
  note = {Last updated: February 20, 2023. Accessed: August 31, 2025}
}

@misc{IBM2023DataGovernance,
  author = {{IBM}},
  title = {{What is data governance?}},
  year = {2023},
  url = {https://www.ibm.com/topics/data-governance},
  note = {Accessed on August 31, 2025},
}

@article{Forbes2021,
  author = {Bhanot, Alok},
  title = {Why Your AI Project Is Failing To Deliver Value},
  journal = {Forbes},
  year = {2021},
  month = apr,
  day = {13},
  url = {https://www.forbes.com/sites/alokbhanot/2021/04/13/why-your-ai-project-is-failing-to-deliver-value/},
  urldate = {2025-08-31}
}

@article{Manjaray2024,
  author  = {Manjaray, Deeraj},
  title   = {Memorization: Impact Of Privacy in Large Language Models},
  journal = {Medium},
  year    = {2024},
  month   = {jul},
  day     = {19},
  url     = {https://medium.com/@deerajmanjaray/memorization-impact-of-privacy-in-large-language-models-f2123b2123b2}
}

@article{Carlini2023,
  title={Poisoning Web-Scale Training Data Sets is Practical},
  author={Carlini, Nicholas and Tramer, Florian and Wallace, Eric and Jagielski, Matthew and Oprea, Alina and Weitz, David and Weng, Bolun and Zha, Zico and Zhang, Shangyu and Zhao, Yang},
  journal={arXiv preprint arXiv:2302.10149},
  year={2023}
}

@techreport{NetApp2023,
  author = {{NetApp}},
  title = {{NetApp's 2023 Data Complexity Report}},
  year = {2023},
  institution = {{NetApp}},
  note = {Discusses data silos and AI},
  url = {https://investors.netapp.com/news-releases/news-release-details/netapps-2023-data-complexity-report-reveals-urgent-need-unified}
}

@misc{NIST2020DataManagement,
  author = {{National Institute of Standards and Technology (NIST)}},
  title = {Data Management for AI},
  year = {2020},
  note = {General reference to NIST's work on data management for AI. Specific publication with this title from 2020 not found.},
  url = {https://www.nist.gov/artificial-intelligence}
}

@techreport{HPE2023,
  author = {Sinclair, Scott},
  title = {Being a Data-first Leader Continues to Matter},
  institution = {Hewlett Packard Enterprise (HPE) and Enterprise Strategy Group (ESG)},
  year = {2023},
  note = {Based on the 2023 HPE Data and Infrastructure Management Maturity Survey},
  url = {https://www.hpe.com/us/en/newsroom/press-release/2023/11/hpe-research-highlights-rising-challenges-in-meeting-enterprise-data-demands.html}
}

@misc{EWsolutions2023,
  author = {{EWsolutions}},
  title = {{Data Security for AI}},
  howpublished = {\url{https://www.ewsolutions.com/}},
  year = {2023}, % As requested, but note specific publication not found for this year
  note = {General reference to EWsolutions' work on data security in the context of AI. Specific publication with this title from 2023 not found.}
}

@misc{NomaSecurity2023,
  author = {{Noma Security}},
  title = {{Data Availability and Disaster Recovery for AI}},
  year = {2023},
  note = {General reference to Noma Security's work on data availability and disaster recovery for AI. Specific publication with this title from 2023 not found.},
  url = {https://nomasecurity.ai/}
}

@misc{Lumenalta2023,
  author = {{Lumenalta}},
  title = {{AI Model-Specific Data Management}},
  year = {2023},
  note = {General reference to Lumenalta's work on AI model-specific data management. Specific publication with this title from 2023 not found.},
  url = {https://lumenalta.com/}
}