@misc{eliteworldgroup.com,
  author = {{Elite World Group}},
  title  = {Human-AI Collaboration: Reshaping the Future of Work},
  year   = {2025},
  note   = {Accessed on September 1, 2025}
}

@misc{ibm.com,
  author = {{IBM}},
  title  = {AI and the Future of Work: Automation vs. Augmentation},
  year   = {2025},
  note   = {Accessed on September 1, 2025}
}

@misc{uctoday.com,
  author = {{UC Today}},
  title  = {AI as a Co-Pilot: Enhancing Human Potential},
  year   = {2025},
  note   = {Accessed on September 1, 2025}
}

@misc{corvalent.com,
  author = {{Corvalent}},
  title  = {AI in Manufacturing: Quality Control and Predictive Maintenance},
  year   = {2025},
  note   = {Accessed on September 1, 2025}
}

@misc{sandtech.com,
  author = {{Sandtech}},
  title  = {Job Displacement and Creation in the Age of AI},
  year   = {2025},
  note   = {Accessed on September 1, 2025}
}

@misc{rehack.com,
  author = {{Rehack}},
  title  = {AI in Healthcare: Diagnostics and Surgical Support},
  year   = {2025},
  note   = {Accessed on September 1, 2025}
}

@misc{eurekalert.org,
  author = {{EurekAlert!}},
  title  = {Improving Human-AI Teamwork in Critical Situations},
  year   = {2025},
  note   = {Accessed on September 1, 2025}
}

@misc{weforum.org,
  author = {{World Economic Forum}},
  title  = {The Future of Jobs Report},
  year   = {2025},
  note   = {Accessed on September 1, 2025}
}

@misc{nexford.edu,
  author = {{Nexford University}},
  title  = {Essential Skills for the AI-Driven Future},
  year   = {2025},
  note   = {Accessed on September 1, 2025}
}

@misc{berkeley.edu,
  author = {{University of California, Berkeley}},
  title  = {Trust and Transparency in AI Systems},
  year   = {2025},
  note   = {Accessed on September 1, 2025}
}

@misc{northwestern.edu,
  author = {{Northwestern University}},
  title  = {Policy and Governance for AI's Impact on Labor},
  year   = {2025},
  note   = {Accessed on September 1, 2025}
}

@article{journalcps.com,
  author = {{Journal of Critical Infrastructure Protection and Security}},
  title  = {Defining Roles in Human-AI Systems},
  journal = {Journal of Critical Infrastructure Protection and Security},
  year   = {2025},
  note   = {Accessed on September 1, 2025}
}

@misc{researchgate.net,
  author = {{ResearchGate}},
  title  = {Ethical Implications of AI in Critical Applications},
  year   = {2025},
  note   = {Accessed on September 1, 2025}
}
