'''@article{harrer2019artificial,
  title={Artificial intelligence in mental health},
  author={Harrer, Severin and Shah, Pritesh and Baumeister, Harald and Cuijpers, Pim},
  journal={Science},
  volume={366},
  number={6468},
  pages={947--948},
  year={2019},
  publisher={American Association for the Advancement of Science}
}

@article{davenport2019potential,
  title={The potential for artificial intelligence in healthcare},
  author={Davenport, Thomas and Kalakota, Ravi},
  journal={Future healthcare journal},
  volume={6},
  number={2},
  pages={94},
  year={2019},
  publisher={Royal College of Physicians}
}

@article{topol2019high,
  title={High-performance medicine: the convergence of human and artificial intelligence},
  author={Topol, Eric J},
  journal={Nature medicine},
  volume={25},
  number={1},
  pages={44--56},
  year={2019},
  publisher={Nature Publishing Group}
}

@article{yu2018artificial,
  title={Artificial intelligence in healthcare},
  author={Yu, Kun-Hsing and Beam, Andrew L and Kohane, Isaac S},
  journal={Nature biomedical engineering},
  volume={2},
  number={10},
  pages={719--731},
  year={2018},
  publisher={Nature Publishing Group}
}

@article{he2019practical,
  title={The practical implementation of artificial intelligence in medicine: a review},
  author={He, Jincheng and Baxter, Stacy L and Xu, Jason and Xu, Jim and Zhou, Xinyu and Zhang, Kang},
  journal={Journal of medical systems},
  volume={43},
  number={6},
  pages={1--9},
  year={2019},
  publisher={Springer}
}

@article{graham2019artificial,
  title={Artificial intelligence in health care: a report from the National Academy of Medicine},
  author={Graham, Robert and Mancher, Michelle and Miller, Wolman and Greenfield, Saul and Steinberg, Earl},
  journal={Jama},
  volume={322},
  number={22},
  pages={2219--2220},
  year={2019},
  publisher={American Medical Association}
}

@article{miller2018explainable,
  title={Explainable artificial intelligence: understanding, visualizing and interpreting deep learning models},
  author={Miller, Tim},
  journal={arXiv preprint arXiv:1806.00069},
  year={2018}
}

@article{obermeyer2019dissecting,
  title={Dissecting racial bias in an algorithm used to manage the health of populations},
  author={Obermeyer, Ziad and Powers, Brian and Vogeli, Christine and Mullainathan, Sendhil},
  journal={Science},
  volume={366},
  number={6464},
  pages={447--453},
  year={2019},
  publisher={American Association for the Advancement of Science}
}

@article{chen2021ethical,
  title={Ethical and legal issues of artificial intelligence in healthcare},
  author={Chen, I-Hsun and Chen, Yen-Ting and Chen, I-Che},
  journal={Journal of medical systems},
  volume={45},
  number={1},
  pages={1--7},
  year={2021},
  publisher={Springer}
}

@article{price2019big,
  title={Big data and the future of healthcare},
  author={Price, W Nicholson and Cohen, I Glenn},
  journal={The Cambridge handbook of the law of the life sciences},
  pages={575--593},
  year={2019},
  publisher={Cambridge University Press}
}

@article{maddox2018era,
  title={The era of artificial intelligence in cardiovascular medicine},
  author={Maddox, Thomas M and Rumsfeld, John S and Payne, Philip RO},
  journal={Journal of the American College of Cardiology},
  volume={72},
  number={22},
  pages={2689--2700},
  year={2018},
  publisher={Elsevier}
}

@article{rajkomar2019towards,
  title={Towards deep learning in medicine},
  author={Rajkomar, Alvin and Dean, Jeffrey and Kohane, Isaac},
  journal={Nature medicine},
  volume={25},
  number={1},
  pages={24--26},
  year={2019},
  publisher={Nature Publishing Group}
}

@article{rigoglioso2018watson,
  title={Watson, we have a problem},
  author={Rigoglioso, Raymond},
  journal={STAT News},
  volume={25},
  year={2018}
}

@article{mckinsey2018transforming,
  title={Transforming healthcare with AI: The impact on the workforce and organizations},
  author={McKinsey Global Institute},
  journal={McKinsey \& Company},
  year={2018}
}

@article{fda2021artificial,
  title={Artificial intelligence and machine learning in software as a medical device},
  author={Food and Drug Administration},
  journal={FDA},
  year={2021}
}
''