'''@inproceedings{zepter2019review,
  author = {Zepter, Jean-Marc and LÃ¼th, Andreas and Crespo del Granado, Pedro and Egging-Bratseth, Ruud},
  year = {2019},
  month = {10},
  pages = {1-5},
  title = {A Review of Artificial Intelligence in the Energy Sector},
  booktitle = {2019 IEEE PES Innovative Smart Grid Technologies Europe (ISGT-Europe)},
  doi = {10.1109/ISGTEurope.2019.8905739}
}

@techreport{eera2025artificial,
  author    = {{European Energy Research Alliance (EERA)}},
  title     = {EERA Analysis of the Implementation of Artificial Intelligence in the Energy Sector},
  year      = {2025},
  institution = {European Energy Research Alliance},
  url       = {https://www.eera-set.eu/publications.html}
}

@article{aliyu2022review,
  title={A Review on the Application of Artificial Intelligence in Renewable Energy},
  author={Aliyu, Aliyu Abubakar and Yusof, Muhammad Zaini Mohd},
  journal={International Journal of Scientific Research and Analysis},
  volume={5},
  number={4},
  pages={1--9},
  year={2022},
  doi={10.58624/ijsra.2022.v5.i4.0001}
}