@book{Bostrom2014,
  title={Superintelligence: Paths, Dangers, Strategies},
  author={Bostrom, Nick},
  year={2014},
  publisher={Oxford University Press}
}

@book{Goodfellow-et-al-2016,
  title={Deep Learning},
  author={Goodfellow, Ian and Bengio, Yoshua and Courville, Aaron},
  year={2016},
  publisher={MIT Press}
}

@article{Samuel1959,
  title={Some Studies in Machine Learning Using the Game of Checkers},
  volume={3},
  issn={0018-8646},
  doi={10.1147/rd.33.0210},
  number={3},
  journal={IBM Journal of Research and Development},
  author={Samuel, A. L.},
  year={1959},
  pages={210--229}
}

@article{Sarker2021MachineLearning,
  author = {Sarker, Iqbal H.},
  title = {Machine Learning: Algorithms, Real-World Applications and Research Directions},
  journal = {SN Computer Science},
  volume = {2},
  number = {3},
  pages = {160},
  year = {2021},
  doi = {10.1007/s42979-021-00592-x}
}

@article{Chandola2009,
  author = {Chandola, Varun and Banerjee, Arindam and Kumar, Vipin},
  title = {Anomaly Detection: A Survey},
  journal = {ACM Comput. Surv.},
  issue_date = {July 2009},
  volume = {41},
  number = {3},
  month = jul,
  year = {2009},
  issn = {0360-0300},
  pages = {15:1--15:58},
  articleno = {15},
  numpages = {58},
  url = {http://doi.acm.org/10.1145/1541880.1541882},
  doi = {10.1145/1541880.1541882},
  publisher = {ACM},
  address = {New York, NY, USA},
  keywords = {anomaly, application, detection, outlier, series, survey, time},
}

@book{SuttonBarto2018,
  title={Reinforcement learning: An introduction},
  author={Sutton, Richard S and Barto, Andrew G},
  year={2018},
  publisher={MIT press}
}

@article{LeCun2015DeepLearning,
  author  = {LeCun, Yann and Bengio, Yoshua and Hinton, Geoffrey},
  title   = {Deep learning},
  journal = {Nature},
  volume  = {521},
  number  = {7553},
  pages   = {436--444},
  year    = {2015},
  month   = {May},
  doi     = {10.1038/nature14539}
}

@inproceedings{Krizhevsky2012,
  title={Imagenet classification with deep convolutional neural networks},
  author={Krizhevsky, Alex and Sutskever, Ilya and Hinton, Geoffrey E},
  booktitle={Advances in neural information processing systems},
  pages={1097--1105},
  year={2012}
}

@article{Hochreiter1997,
  author = {Hochreiter, Sepp and Schmidhuber, J{\"u}rgen},
  journal = {Neural computation},
  number = {8},
  pages = {1735--1780},
  publisher = {MIT Press},
  title = {Long short-term memory},
  volume = {9},
  year = {1997}
}

@article{Adadi2018,
  author={Adadi, Amina and Berrada, Mohammed},
  journal={IEEE Access},
  title={Peeking Inside the Black-Box: A Survey on Explainable Artificial Intelligence (XAI)},
  year={2018},
  volume={6},
  pages={52138-52160},
  doi={10.1109/ACCESS.2018.2870052}
}