@misc{dummy_entry,
  author       = {Author, A.},
  title        = {Dummy Title},
  year         = {2023}
}