'''@article{fang2023artificial,
  title={Artificial intelligence for waste management in smart cities: a review},
  author={Bingbing Fang and Jiacheng Yu and Zhonghao Chen and Ahmed I. Osman and Mohamed Farghali and Ikko Ihara and Essam H. Hamza and David W. Rooney and Pow-Seng Yap},
  journal={Environmental Chemistry Letters},
  volume={21},
  pages={1959--1989},
  year={2023},
  publisher={Springer},
  doi={10.1007/s10311-023-01604-3}
}

@inproceedings{kordana2023artificial,
  title={Artificial Intelligence in Waste Management in the Context of Implementing Circular Economy},
  author={Sylwia Kordana},
  year={2023},
  booktitle={Advances in Production Management Systems. AI for Open Innovation and Sustainable Manufacturing. APMS 2023},
  editor={M. Hamrol and J. Klich and M. Kordana},
  publisher={Springer, Cham},
  series={IFIP Advances in Information and Communication Technology},
  volume={692},
  doi={10.1007/978-3-031-43689-1_30}
}

@article{sharma2023wastemanagement,
  title={The Role of AI and ML in Waste Management and Sustainability},
  author={Sharma, Anjali},
  journal={International Journal of Environmental Science and Technology},
  year={2023},
  volume={20},
  number={1},
  pages={1--15},
  publisher={Springer}
}