@misc{USCopyrightOffice2023,
  author = {{U.S. Copyright Office}},
  title = {{Copyright Registration Guidance: Works Containing AI Generated Material}},
  year = {2023},
  howpublished = {Federal Register, 88 Fed. Reg. 16190},
  month = mar,
  day = {16},
  note = {Effective March 16, 2023}
}

@misc{MayerBrown2023,
  author = {{Mayer Brown}},
  title = {{Generative Artificial Intelligence and Intellectual Property}},
  year = {2023},
  howpublished = {Mayer Brown Insights},
  url = {https://www.mayerbrown.com/en/insights/publications/2023/11/generative-artificial-intelligence-and-intellectual-property},
  note = {Accessed: August 31, 2025}
}

@online{Thompson2025,
  author = {Thompson, Craige},
  title = {{USPTO's Latest Eligibility Guidance for Artificial Intelligence Patents}},
  year = {2025},
  url = {https://vertexaisearch.cloud.google.com/grounding-api-redirect/AUZIYQH_y5SFCdE1VV-L2W--ex1F3vWGWGatOv52_8EqVQ3qW2HHk8ZBAx6LCHDETGUfPqniB7mwdIGEOS85DhBZBqwmiyBf8HM2fxPw2QMSky6BYd1Gyfrb_iWz6YLuM3ZtB_6tVffphjUqUV70gLYkjSgCYFxXuxdV_Z_gSUDPMKHvdBEqVAC2},
  urldate = {2025-08-31}, % Current date
  organization = {Thompson Patent Law}
}

@misc{CooleyGO2023,
  author = {{Cooley GO}},
  title = {{Patenting AI: What You Should Know}},
  year = {2023},
  howpublished = {\url{https://www.cooleygo.com/patenting-ai-what-you-should-know/}},
  note = {Accessed: August 31, 2025}
}

@misc{USC2023,
  author = {{University of Southern California}},
  title = {{AI and Copyright Infringement}},
  year = {2023},
  note = {Specific publication on infringement not found. General reference to USC's engagement with AI and copyright.},
  url = {https://www.usc.edu/}
}

@misc{ECLiabilityAI2022,
  author = {{European Commission}},
  title = {{Proposal for a Directive of the European Parliament and of the Council on adapting non-contractual civil liability rules to artificial intelligence (AI Liability Directive)}},
  howpublished = {EUR-Lex},
  year = {2022},
  note = {COM(2022) 496 final},
  url = {https://eur-lex.europa.eu/legal-content/EN/TXT/?uri=COM%3A2022%3A496%3AFIN}
}

@misc{AaronHall2023,
  author = {Hall, Aaron},
  title = {AI Liability: Who is Responsible When AI Harms?},
  year = {2023},
  note = {Specific publication with this title not found. General reference to author's work.},
  url = {https://aaronhall.com/}
}

@misc{GiskardAI2023,
  author = {{Giskard AI}},
  title = {{The EU AI Act: What can you expect from the upcoming European regulation of AI?}},
  year = {2023},
  month = {May},
  day = {17},
  howpublished = {\url{https://www.giskard.ai/knowledge/eu-ai-act-the-eu-strikes-a-historic-agreement-to-regulate-ai}},
  note = {Accessed: August 31, 2025}
}

@misc{DailyJournal2023,
  author = {Unknown},
  title = {AI Liability: The Black Box Problem},
  year = {2023},
  note = {Specific publication with this title not found. General reference to the topic.},
  url = {https://www.dailyjournal.com/}
}

@misc{Informa2023,
  author = {{Informa}},
  title = {{The Evolving AI Regulatory Landscape}},
  year = {2023},
  note = {Specific publication details not found; this is a generic entry based on the provided information.},
  url = {https://informa.com/}
}

@techreport{EY2023,
  author = {{EY}},
  title = {{The Artificial Intelligence (AI) global regulatory landscape: Policy trends and considerations to build confidence in AI}},
  year = {2023},
  publisher = {{EY}},
  note = {Published October 2023},
  url = {https://www.ey.com/en_us/assurance/the-artificial-intelligence-ai-global-regulatory-landscape}
}

@misc{CliffordChance2023,
  author = {{Clifford Chance}},
  title = {{The EU's AI Act: What do we know about the critical political deal?}},
  year = {2023},
  url = {https://vertexaisearch.cloud.google.com/grounding-api-redirect/AUZIYQGP048-8SG7gj1l8csrJeZvoc3MtSd640fKHIw6vGlwQ8GepDAzgLfrv43-yGbfmRxZT55sizDSAifZQeEwI3VX2ABLKCVpkT5EYcZ22dgjRPx3aByyQ2Q1ap2PBMr5yTOn3H1YaLHNpQuHT9t5CnMVwCByGUPpMDtP_ix4v6GQwPyD_ILrst2OewfH2vvnpJshU__StSgPncOfP0Z_6QktbjZD7YPhgMCAXTvFA__TYLM=},
  note = {Published by Clifford Chance}
}

@misc{EuropaEU2022,
  author = {{European Commission}},
  title = {{Proposal for a Directive on adapting non-contractual civil liability rules to artificial intelligence (AI Liability Directive)}},
  year = {2022},
  howpublished = {EUR-Lex, COM(2022) 496 final},
  url = {https://eur-lex.europa.eu/legal-content/EN/TXT/?uri=CELEX:52022PC0496},
  note = {Adopted on 28 September 2022}
}

@misc{GlobalAILaw2023,
  author = {{Global AI Law}},
  title = {{Global AI Regulation Tracker}},
  year = {2023},
  howpublished = {Online},
  url = {https://globalailaw.com/global-ai-tracker/},
  note = {Accessed August 31, 2025},
}

@techreport{BloombergLaw2023,
  author = {{Bloomberg Law}},
  title = {{AI in Litigation}},
  year = {2023},
  institution = {{Bloomberg Law}},
  note = {Report}
}

@misc{AlvarezMarsal2023,
  author = {{Alvarez and Marsal}},
  title = {{2023 Trends in White Collar Crime: What You Need to Know}},
  year = {2023},
  month = mar,
  howpublished = {\url{https://www.alvarezandmarsal.com/insights/2023-trends-white-collar-crime-what-you-need-know}},
  note = {Accessed: August 31, 2025},
}

@article{Gronvall2023,
  author  = {Gronvall, Peter and Huber-Fliflet, Nathaniel and Zhang, Jianping},
  title   = {Bias and Ethics in AI-Enabled Legal Technology: Examining the Role and Impact of Human Inputs on AI-Rendered Results in Legal Matters},
  year    = {2023},
  month   = {March},
  day     = {14},
  publisher = {Google Cloud},
  note    = {Accessed via Google Cloud's Vertex AI Search},
  url     = {https://vertexaisearch.cloud.google.com/grounding-api-redirect/AUZIYQEn-FbbryB-OlpZKdrP26za5dXz586fifZ2bmXrePXrD69L1QLKUS1YNrt97slRN1CK4jGpZOWEvfIkoIHXvZdmqk8tJhFzY8IB7efjZFIuaMFOYTcBu4agPLh3HUaxIIdbNIkovfyoakxTXN9GjF4NkvVLlkKea5SHly58kUCX_ODUyraI5A17tlsG64iYRhFZ0uDzoenOYuK6Z-8HVaK5muxzVPbRjyEL1gg4Bqa5}
}

@misc{Deloitte2023,
  author = {{Deloitte}},
  title = {{State of Ethics and Trust in Technology}},
  year = {2023},
  publisher = {{Deloitte}},
  note = {Report},
  url = {https://www.iasplus.com/en/news/2023/10/deloitte-ethics-trust-technology-report}
}

@misc{ThomsonReuters2023,
  author = {{Thomson Reuters}},
  title = {{AI and Intellectual Property}},
  year = {2023},
  note = {Specific publication details not found; entry constructed based on provided information.}
}

@online{SirionAI2023,
  author = {{Sirion AI}},
  title = {{Explainability as the New CLM Currency: Building Trust in Contracting AI}},
  year = {2023},
  url = {https://www.sirion.ai/resources/on-demand-webinars/explainability-as-the-new-clm-currency-building-trust-in-contracting-ai/},
  urldate = {2025-08-31},
  note = {On-demand webinar},
  organization = {Sirion}
}

@online{MWE2023,
  author = {{McDermott Will \& Emery}},
  title = {{AI and the Next Frontier: Understanding What's Ahead in Antitrust \& Consumer Protection}},
  year = {2023},
  month = {October},
  day = {11},
  url = {https://www.mwe.com/insights/ai-and-the-next-frontier-understanding-whats-ahead-in-antitrust-consumer-protection/},
  urldate = {2025-08-31},
  note = {Webinar}
}

@misc{Icertis2023,
  author = {{Icertis}},
  title = {{AI in Contract Management}},
  year = {2023},
  howpublished = {\url{https://www.icertis.com/blog/the-importance-of-ai-in-contract-management/}},
  note = {Accessed on August 31, 2025. This entry refers to Icertis's general work and publications in 2023 regarding AI in contract management, including the launch of Icertis Copilots and related insights. [6]}
}

@article{Sharma2024,
  author = {Sharma, Vidnesh},
  title = {How to Simplify Contract Review with AI? Comprehensive Guide},
  journal = {Volody Blog},
  year = {2024},
  url = {https://www.volody.com/blog/how-to-simplify-contract-review-with-ai-comprehensive-guide},
  note = {Accessed on August 31, 2025. Please note: The requested year was 2023, but the closest matching article found was published in 2024.}
}

@misc{Proskauer2023,
  author = {{Proskauer Rose LLP}},
  title = {{Providers of AI Systems Ten Steps Towards Future Compliance}},
  year = {2023},
  month = {August},
  day = {25},
  note = {Firm Publication},
  url = {https://www.proskauer.com/publications/client-alert/providers-of-ai-systems-ten-steps-towards-future-compliance/}
}

@article{ByteBack2024,
  author = {{Byte Back}},
  title = {{Key Considerations in AI-Related Contracts}},
  journal = {{Byte Back}},
  year = {2024},
  url = {https://www.huschblackwell.com/newsandinsights/key-considerations-in-ai-related-contracts},
  note = {Accessed on August 31, 2025}
}

@misc{Firemind2023,
  author = {{Firemind}},
  title = {{AI in Insurance}},
  year = {2023},
  howpublished = {\url{https://www.firemind.ai/blog/how-ai-shapes-legal-and-compliance-challenges-in-insurance}},
  note = {Accessed on August 31, 2025}
}

@misc{TribeAI2023,
  author = {{Tribe AI}},
  title = {{AI Regulation in Insurance}},
  year = {2023},
  howpublished = {\url{https://www.tribeai.com/}},
  note = {This entry refers to general content and insights published by Tribe AI regarding AI regulation in the insurance industry, as a specific report with this exact title was not found.}
}

@misc{DataCamp2023AIInsurance,
  author = {{DataCamp}},
  title = {{AI in Insurance: Benefits, Challenges, and Insights}},
  year = {2023},
  howpublished = {{DataCamp Blog}},
  url = {https://www.datacamp.com/blog/ai-in-insurance},
  note = {Accessed August 31, 2025}
}

@article{Kerzner2023,
  author = {Kerzner, Ifty},
  title = {Marketing Data Can Reduce AI Bias in the Insurance Industry},
  journal = {Insurance Journal},
  year = {2023},
  month = {February},
  day = {20},
  url = {https://www.insurancejournal.com/news/national/2023/02/20/707440.htm}
}

@online{Saul2023,
  author = {{Saul Ewing LLP}},
  title = {{The Use of AI in the Insurance Industry Lifecycle}},
  year = {2023},
  url = {https://www.saul.com/newsroom/events/use-ai-insurance-industry-lifecycle},
  urldate = {2025-08-31}
}

@online{HSFKramer2024,
  author = {{Herbert Smith Freehills}},
  title = {{AI and Insurance: Managing Risks in the Business World of Tomorrow}},
  year = {2024},
  url = {https://www.herbertsmithfreehills.com/latest-thinking/ai-and-insurance-managing-risks-in-the-business-world-of-tomorrow},
  urldate = {2025-08-31}
}
