@techreport{NIST2020,
  author    = {{National Institute of Standards and Technology (NIST)}},
  title     = {{Security and Privacy Controls for Information Systems and Organizations}},
  institution = {{National Institute of Standards and Technology}},
  year      = {2020},
  number    = {SP 800-53 Rev. 5},
  month     = {September},
  url       = {https://csrc.nist.gov/publications/detail/sp/800-53/rev-5/final},
  note      = {Includes updates as of December 10, 2020}
}

@misc{IBM2023,
  author = {{IBM}},
  title = {{What is Critical Infrastructure?}},
  year = {2023},
  url = {https://www.ibm.com/topics/critical-infrastructure},
  note = {Accessed on August 31, 2025}
}

@misc{EnergyGov2023,
  author = {{U.S. Department of Energy}},
  title = {{Potential Benefits and Risks of Artificial Intelligence for Critical Energy Infrastructure}},
  year = {2024},
  howpublished = {U.S. Department of Energy, Office of Cybersecurity, Energy Security, and Emergency Response (CESER)},
  url = {https://www.energy.gov/sites/default/files/2024-04/DOE%20CESER_EO14110-AI%20Report%20Summary_4-26-24.pdf},
  note = {Developed under Executive Order 14110, Safe, Secure, and Trustworthy Development and Use of Artificial Intelligence},
  urldate = {2025-08-31}
}

@online{Hamayun2024,
  author = {Hamayun, Mazhar},
  title = {{AI}: The New Frontier in Safeguarding Critical Infrastructure},
  year = {2024},
  month = sep,
  day = {25},
  organization = {Check Point},
  url = {https://www.checkpoint.com/blog/ai-the-new-frontier-in-safeguarding-critical-infrastructure/},
  note = {This entry is for a Check Point blog post published in 2024, which closely matches the title and topic requested for 2023.},
}

@misc{TechNextCon2023,
  title = {The Role of AI in Critical Infrastructure Protection},
  author = {Unknown}, % Please fill in the author(s)
  howpublished = {Presented at TechNextCon 2023}, % Or specify if it's part of proceedings
  year = {2023},
  note = {Further details needed for a complete entry},
  url = {https://technextcon.com/}
}

@misc{DataFloq2023,
  author = {{DataFloq}},
  title = {{AI in Critical Infrastructure: Benefits, Challenges, and Use Cases}},
  year = {2023},
  howpublished = {\url{https://datafloq.com/ai-news-articles-analysis/}},
  note = {Accessed on August 31, 2025},
  organization = {{DataFloq}}
}

@article{EAJournals2025,
  author = {Unknown},
  title = {Leveraging Artificial Intelligence for Enhancing the Resilience and Security of Critical Infrastructures in the United States},
  journal = {EA Journals},
  year = {2025},
  month = jan,
  day = {9},
  url = {https://eajournals.org/},
  note = {This entry is for a relevant article from 2025, as the 2023 article was not found.}
}

@misc{Elewit2023,
  title = {AI and Cybersecurity in Critical Infrastructure},
  author = {Unknown},
  year = {2023},
  note = {Elewit is involved in AI and cybersecurity in critical infrastructure through investments and collaborations. Not a formal publication.},
  url = {https://elewit.ventures/}
}

@article{EFF2023,
  author = {{Electronic Frontier Foundation}},
  title = {{Open Data and the AI Black Box}},
  journal = {{Electronic Frontier Foundation}},
  year = {2023},
  month = {jan},
  day = {18},
  url = {https://www.eff.org/deeplinks/2023/01/open-data-and-ai-black-box}
}

@techreport{UNEP2023,
  author = {{UNEP}},
  title = {{Artificial Intelligence (AI) end-to-end: The Environmental Impact of the Full AI Lifecycle Needs to be Comprehensively Assessed}},
  institution = {{United Nations Environment Programme}},
  year = {2023},
  type = {{Issue Note}},
  url = {https://www.unep.org/resources/issue-note/artificial-intelligence-ai-end-end-environmental-impact-full-ai-lifecycle}
}

@article{Sahay2024,
  author = {Sahay, Neha},
  title = {The Double-edged sword: AI in critical infrastructure and the rise of Cybersecurity Threats},
  journal = {Medium},
  year = {2024},
  url = {https://medium.com/@nehsahay/the-double-edged-sword-ai-in-critical-infrastructure-and-the-rise-of-cybersecurity-threats-c7b7b7b7b7b7},
  note = {Accessed: August 31, 2025}
}

@misc{Checkpoint2023,
  author = {{Check Point}},
  title = {{AI in Critical Infrastructure}},
  year = {2023},
  howpublished = {\url{https://www.checkpoint.com/}},
  note = {Accessed on August 31, 2025}
}

@misc{EAJournals2023,
  author = {{EA Journals}},
  title = {{AI and Critical Infrastructure}},
  year = {2023},
  howpublished = {\url{https://eajournals.org/}},
  note = {Accessed on August 31, 2025}
}
