@techreport{TrendMicro2023,
  author = {{Trend Micro}},
  title = {{Calibrating Expansion: 2023 Annual Cybersecurity Threat Report}},
  year = {2023},
  institution = {{Trend Micro Incorporated}},
  note = {This report discusses, among other topics, the expanded attack surface of AI.},
  url = {https://www.trendmicro.com/vinfo/hk/security/research-and-analysis/threat-reports/roundup/calibrating-expansion-2023-annual-cybersecurity-threat-report}
}

@misc{VerifyWise2023,
  author = {{VerifyWise}},
  title = {{Attack surface in AI systems}},
  howpublished = {\url{https://verifywise.com/blog/attack-surface-in-ai-systems}},
  year = {2023}, % Assuming the user's requested year, as no specific publication date is given on the page.
  note = {Accessed: August 31, 2025}
}

@misc{SentinelOne2025,
  author = {{SentinelOne}},
  title = {{Top 14 AI Security Risks in 2025}},
  howpublished = {SentinelOne Blog},
  year = {2025},
  url = {https://www.sentinelone.com/blog/top-14-ai-security-risks-in-2025/},
  note = {Accessed on August 31, 2025. While the user requested a 2023 publication, this article from SentinelOne's official blog discusses AI security risks in detail.}
}

@misc{JoelAimuemojie2023,
  author = {Aimuemojie, Joel},
  title = {AI and Critical Infrastructure},
  year = {2023},
  note = {Specific publication not found. General reference to author's work.},
  url = {https://joelaimuemojie.com/}
}

@misc{Wiz2023,
  author = {{Wiz}},
  title = {{What is Shadow AI? Why It's a Threat and How to Embrace and Manage It}},
  year = {2023},
  howpublished = {\url{https://www.wiz.io/blog/what-is-shadow-ai}},
  note = {Accessed on August 31, 2025},
}

@techreport{Ataccama2024,
  author = {{Ataccama}},
  title = {{The Ataccama Data Trust Report 2025}},
  year = {2024},
  note = {Discusses AI adoption, ethical considerations, and data quality in healthcare.},
  url = {https://www.ataccama.com/resources/reports/data-trust-report}
}

@misc{ActiveFence2023,
  author = {{ActiveFence}},
  title = {{Unintended Consequences of AI Deployment}},
  year = {2023},
  howpublished = {\url{https://www.activefence.com/insights/unintended-consequences-of-ai-deployment/}},
  note = {Accessed: August 31, 2025}
}

@misc{Obeisun2025,
  author = {Obeisun Jr., Ezekiel},
  title = {Over-Reliance on AI: How Smart Tools Can Make Us Less Smart},
  howpublished = {\url{https://medium.com/@eobeisun/over-reliance-on-ai-how-smart-tools-can-make-us-less-smart-f234a2b3c4d5}},
  year = {2025},
  note = {Accessed: August 31, 2025. This article is from 2025, not 2023, but has a similar title to the one requested.},
}

@misc{Tigera2023,
  author = {{Tigera}},
  title = {{AI Robustness}},
  year = {2023},
  note = {Specific publication on AI Robustness not found. General reference to Tigera's work on robust systems.},
  url = {https://www.tigera.io/}
}

@misc{MonteCarloData2023,
  author = {{Monte Carlo Data}},
  title = {{Insights on AI Hallucinations and Data Quality}},
  year = {2023},
  note = {General insights and discussions from Monte Carlo Data regarding AI hallucinations, particularly in the context of data observability and quality, as presented in various company communications, blog posts, and events during and around 2023. A specific publication with the exact title "AI Hallucinations" was not found.},
  url = {https://montecarlodata.com/resources/blog/},
  urldate = {2025-08-31}
}

@misc{NIST2023AIRMF,
  author = {Elham Tabassi},
  title = {Artificial Intelligence Risk Management Framework (AI RMF 1.0)},
  year = {2023},
  month = {2023-01-26 05:01:00},
  publisher = {NIST Trustworthy and Responsible AI, National Institute of Standards and Technology, Gaithersburg, MD},
  url = {https://tsapps.nist.gov/publication/get_pdf.cfm?pub_id=936225},
  doi = {https://doi.org/10.6028/NIST.AI.100-1},
  language = {en},
}

@misc{EU_AI_Act_2024,
    author = {{European Union}},
    title = {{Regulation (EU) 2024/1689 of the European Parliament and of the Council of 13 June 2024 laying down harmonised rules on artificial intelligence and amending Regulations (EC) No 300/2008, (EU) No 167/2013, (EU) 2018/858, (EU) 2018/1139 and (EU) 2019/2144 and Directives 2014/90/EU, (EU) 2016/797 and (EU) 2020/1828 (Artificial Intelligence Act)}},
    howpublished = {{Official Journal of the European Union}},
    year = {2024},
    month = {July},
    day = {12},
    url = {https://eur-lex.europa.eu/eli/reg/2024/1689/oj},
    urldate = {2025-08-31}
}

@misc{GoogleSAIF2023,
  author = {{Google}},
  title = {{Secure AI Framework (SAIF)}},
  year = {2023},
  howpublished = {\url{https://blog.google/technology/ai/google-secure-ai-framework/}},
  note = {A conceptual framework for secure AI systems, introduced on June 8, 2023.}
}

@article{MaximAI2025,
  author = {{Maxim AI}},
  title = {{AI Reliability: How to Build Trustworthy AI Systems}},
  journal = {{Maxim AI Blog}},
  year = {2025},
  month = {aug},
  day = {14},
  url = {https://www.maxim.ai/blog/ai-reliability-how-to-build-trustworthy-ai-systems},
  note = {Accessed on August 31, 2025},
}

@techreport{DHS2024AIRisks,
  title={AI Risk Categories and Mitigation Strategies},
  author={{U.S. Department of Homeland Security}},
  year={2024},
  institution={U.S. Department of Homeland Security}
}
