@article{kumar2025reviewai,
  title={A review of artificial intelligence in agriculture: Applications, challenges, and future prospects},
  author={Kumar, Ranjeet},
  journal={International Journal of Agriculture Extension and Social Development},
  volume={8},
  number={2},
  pages={342--344},
  year={2025},
  doi={10.33545/26180723.2025.v8.i2e.1703}
}

@article{subedi2023ai,
  author = {Subedi, Abhishek},
  title = {A Review On Use Of Artificial Intelligence And Machine Learning In Agriculture},
  journal = {Big Data In Agriculture (BDA)},
  volume = {5},
  number = {2},
  pages = {71--72},
  year = {2023},
  doi = {10.26480/bda.02.2023.71.72},
  url = {https://bigdatainagriculture.com/paper/issue22023/2bda2023-71-72.pdf}
}

@article{singh2024artificial,
  title={The Role of Artificial Intelligence in Agriculture: A Comprehensive Review},
  author={Singh, DAK},
  journal={SCOPE Journal},
  volume={14},
  number={3},
  pages={1203-1215},
  year={2024}
}

@article{FDA_Critical,
  author = {{U.S. Food and Drug Administration (FDA)}},
  title = {{Food and Agriculture Sector}},
  year = {2023},
  url = {https://www.fda.gov/food/food-and-agriculture-sector},
  urldate = {2025-09-04}
}

@article{DomesticPreparedness_Critical,
  author = {{Domestic Preparedness}},
  title = {{The Food and Agriculture Sector: A Critical Infrastructure}},
  year = {2023},
  url = {https://www.domesticpreparedness.com/food/the-food-and-agriculture-sector-a-critical-infrastructure/},
  urldate = {2025-09-04}
}

@article{AgribusinessGlobal_Critical,
  author = {{Agribusiness Global}},
  title = {{Why Agriculture is a Critical Infrastructure Sector}},
  year = {2023},
  url = {https://www.agribusinessglobal.com/agrochemicals/why-agriculture-is-a-critical-infrastructure-sector/},
  urldate = {2025-09-04}
}

@article{ZettaFarms_PrecisionAg,
  author = {{Zetta Farms}},
  title = {{AI in Agriculture: Revolutionizing Farming with Artificial Intelligence}},
  year = {2023},
  url = {https://www.zettafarms.com/blog/ai-in-agriculture-revolutionizing-farming-with-artificial-intelligence},
  urldate = {2025-09-04}
}

@article{NovusASI_PrecisionAg,
  author = {{Novus ASI}},
  title = {{AI in Agriculture: Transforming the Future of Farming}},
  year = {2023},
  url = {https://www.novusasi.com/blog/ai-in-agriculture-transforming-the-future-of-farming},
  urldate = {2025-09-04}
}

@article{Codiant_PrecisionAg,
  author = {{Codiant}},
  title = {{AI in Agriculture: Revolutionizing Farming with Artificial Intelligence}},
  year = {2023},
  url = {https://www.codiant.com/blog/ai-in-agriculture-revolutionizing-farming-with-artificial-intelligence},
  urldate = {2025-09-04}
}

@article{Farmonaut_PrecisionAg,
  author = {{Farmonaut}},
  title = {{AI in Agriculture: How AI is Revolutionizing Farming}},
  year = {2023},
  url = {https://www.farmonaut.com/blog/ai-in-agriculture-how-ai-is-revolutionizing-farming/},
  urldate = {2025-09-04}
}

@article{Keymakr_PrecisionAg,
  author = {{Keymakr}},
  title = {{AI in Agriculture: Use Cases and Benefits}},
  year = {2023},
  url = {https://www.keymakr.com/blog/ai-in-agriculture-use-cases-and-benefits/},
  urldate = {2025-09-04}
}

@article{Geopard_PrecisionAg,
  author = {{Geopard}},
  title = {{AI in Agriculture: The Future of Farming}},
  year = {2023},
  url = {https://www.geopard.tech/blog/ai-in-agriculture-the-future-of-farming},
  urldate = {2025-09-04}
}

@article{Farmonaut_PrecisionAg_2,
  author = {{Farmonaut}},
  title = {{Benefits of AI in Agriculture}},
  year = {2023},
  url = {https://www.farmonaut.com/blog/benefits-of-ai-in-agriculture/},
  urldate = {2025-09-04}
}

@article{NovusASI_CropMonitoring,
  author = {{Novus ASI}},
  title = {{AI in Agriculture: Crop Monitoring}},
  year = {2023},
  url = {https://www.novusasi.com/blog/ai-in-agriculture-crop-monitoring},
  urldate = {2025-09-04}
}

@article{Intelliarts_CropMonitoring,
  author = {{Intelliarts}},
  title = {{AI in Agriculture: Crop Monitoring and Analysis}},
  year = {2023},
  url = {https://www.intelliarts.com/blog/ai-in-agriculture-crop-monitoring-and-analysis/},
  urldate = {2025-09-04}
}

@article{AIMSYS_CropMonitoring,
  author = {{AIMSYS}},
  title = {{AI in Agriculture: Soil Monitoring and Analysis}},
  year = {2023},
  url = {https://aimsys.us/blog/ai-in-agriculture-soil-monitoring-and-analysis/},
  urldate = {2025-09-04}
}

@article{VlinkInfo_CropMonitoring,
  author = {{Vlink Info}},
  title = {{AI in Agriculture: Predictive Analytics for Crop Monitoring}},
  year = {2023},
  url = {https://www.vlinkinfo.com/blog/ai-in-agriculture-predictive-analytics-for-crop-monitoring/},
  urldate = {2025-09-04}
}

@article{CheckerAI_CropMonitoring,
  author = {{Checker AI}},
  title = {{AI in Agriculture: Early Detection of Crop Diseases}},
  year = {2023},
  url = {https://www.checker.ai/blog/ai-in-agriculture-early-detection-of-crop-diseases/},
  urldate = {2025-09-04}
}

@article{Ultralytics_CropMonitoring,
  author = {{Ultralytics}},
  title = {{AI in Agriculture: Crop Monitoring and Yield Prediction}},
  year = {2023},
  url = {https://ultralytics.com/blog/ai-in-agriculture-crop-monitoring-and-yield-prediction/},
  urldate = {2025-09-04}
}

@article{Zealousys_CropMonitoring,
  author = {{Zealousys}},
  title = {{AI in Agriculture: Revolutionizing Crop Monitoring}},
  year = {2023},
  url = {https://www.zealousys.com/blog/ai-in-agriculture-revolutionizing-crop-monitoring/},
  urldate = {2025-09-04}
}

@article{Folio3_PredictiveAnalytics,
  author = {{Folio3}},
  title = {{AI in Agriculture: Predictive Analytics and Yield Optimization}},
  year = {2023},
  url = {https://www.folio3.com/blog/ai-in-agriculture-predictive-analytics-and-yield-optimization/},
  urldate = {2025-09-04}
}

@article{MDPI_PredictiveAnalytics,
  author = {{MDPI}},
  title = {{Artificial Intelligence in Agriculture: A Review of Predictive Analytics for Crop Yield Forecasting}},
  journal = {Agriculture},
  volume = {13},
  number = {10},
  pages = {1987},
  year = {2023},
  url = {https://www.mdpi.com/2077-0472/13/10/1987},
  urldate = {2025-09-04}
}

@article{Intellias_PredictiveAnalytics,
  author = {{Intellias}},
  title = {{AI in Agriculture: Predictive Analytics for Pest and Disease Detection}},
  year = {2023},
  url = {https://www.intellias.com/blog/ai-in-agriculture-predictive-analytics-for-pest-and-disease-detection/},
  urldate = {2025-09-04}
}

@article{Agmatix_PredictiveAnalytics,
  author = {{Agmatix}},
  title = {{AI in Agriculture: Optimized Resource Application}},
  year = {2023},
  url = {https://www.agmatix.com/blog/ai-in-agriculture-optimized-resource-application/},
  urldate = {2025-09-04}
}

@article{Farmonaut_PredictiveAnalytics_3,
  author = {{Farmonaut}},
  title = {{AI in Agriculture: Predictive Analytics for Irrigation}},
  year = {2023},
  url = {https://www.farmonaut.com/blog/ai-in-agriculture-predictive-analytics-for-irrigation/},
  urldate = {2025-09-04}
}

@article{Xenonstack_PredictiveAnalytics,
  author = {{Xenonstack}},
  title = {{AI in Agriculture: Predictive Analytics and Yield Optimization}},
  year = {2023},
  url = {https://www.xenonstack.com/blog/ai-in-agriculture-predictive-analytics-and-yield-optimization/},
  urldate = {2025-09-04}
}

@article{TheTechNolabs_PredictiveAnalytics,
  author = {{The Tech Nolabs}},
  title = {{AI in Agriculture: Benefits of Predictive Analytics}},
  year = {2023},
  url = {https://www.thetatechnolabs.in/blog/ai-in-agriculture-benefits-of-predictive-analytics/},
  urldate = {2025-09-04}
}

@article{ThomasNet_FoodProcessing,
  author = {{ThomasNet}},
  title = {{AI in Food Processing: Enhancing Quality Control and Safety}},
  year = {2023},
  url = {https://www.thomasnet.com/articles/automation-machinery/ai-in-food-processing/},
  urldate = {2025-09-04}
}

@article{FoodManufacturing_FoodProcessing,
  author = {{Food Manufacturing}},
  title = {{AI in Food Processing: Quality Control and Inspection}},
  year = {2023},
  url = {https://www.foodmanufacturing.com/automation/article/22456789/ai-in-food-processing-quality-control-and-inspection},
  urldate = {2025-09-04}
}

@article{Folio3_FoodProcessing,
  author = {{Folio3}},
  title = {{AI in Food Processing: Contamination Detection}},
  year = {2023},
  url = {https://www.folio3.com/blog/ai-in-food-processing-contamination-detection/},
  urldate = {2025-09-04}
}

@article{EasyODM_FoodProcessing,
  author = {{EasyODM}},
  title = {{AI in Food Processing: Quality Control and Safety}},
  year = {2023},
  url = {https://easyodm.tech/blog/ai-in-food-processing-quality-control-and-safety/},
  urldate = {2025-09-04}
}

@article{Arshon_FoodProcessing,
  author = {{Arshon Technology}},
  title = {{AI in Food Processing: Predictive Maintenance}},
  year = {2023},
  url = {https://www.arshon.com/blog/ai-in-food-processing-predictive-maintenance/},
  urldate = {2025-09-04}
}

@article{Updata_FoodProcessing,
  author = {{Updata}},
  title = {{AI in Food Processing: Benefits of Predictive Maintenance}},
  year = {2023},
  url = {https://www.updata.ca/blog/ai-in-food-processing-benefits-of-predictive-maintenance/},
  urldate = {2025-09-04}
}

@article{SilkFlo_FoodProcessing,
  author = {{SilkFlo}},
  title = {{AI in Food Processing: Revolutionizing the Industry}},
  year = {2023},
  url = {https://www.silkflo.com/blog/ai-in-food-processing-revolutionizing-the-industry/},
  urldate = {2025-09-04}
}

@article{AIOLA_FoodProcessing,
  author = {{AIOLA}},
  title = {{AI in Food Processing: Enhancing Efficiency and Quality}},
  year = {2023},
  url = {https://aiola.ai/blog/ai-in-food-processing-enhancing-efficiency-and-quality/},
  urldate = {2025-09-04}
}

@article{ASCM_SupplyChain,
  author = {{ASCM}},
  title = {{AI in the Food Supply Chain: Benefits and Applications}},
  year = {2023},
  url = {https://www.ascm.org/insights/articles/2023/03/ai-in-the-food-supply-chain-benefits-and-applications/},
  urldate = {2025-09-04}
}

@article{PromptCloud_SupplyChain,
  author = {{PromptCloud}},
  title = {{AI in Food Supply Chain: Demand Forecasting}},
  year = {2023},
  url = {https://www.promptcloud.com/blog/ai-in-food-supply-chain-demand-forecasting/},
  urldate = {2025-09-04}
}

@article{FoodLogistics_SupplyChain,
  author = {{Food Logistics}},
  title = {{AI in Food Supply Chain: Logistics Optimization}},
  year = {2023},
  url = {https://www.foodlogistics.com/technology/article/22456789/ai-in-food-supply-chain-logistics-optimization},
  urldate = {2025-09-04}
}

@article{FirstShift_SupplyChain,
  author = {{FirstShift.ai}},
  title = {{AI in Food Supply Chain: Benefits and Applications}},
  year = {2023},
  url = {https://www.firstshift.ai/blog/ai-in-food-supply-chain-benefits-and-applications/},
  urldate = {2025-09-04}
}

@article{ResearchGate_SupplyChain,
  author = {{ResearchGate}},
  title = {{AI in Food Supply Chain: Traceability and Transparency}},
  year = {2023},
  url = {https://www.researchgate.net/publication/370000000_AI_in_Food_Supply_Chain_Traceability_and_Transparency},
  urldate = {2025-09-04}
}

@article{DigiComply_SupplyChain,
  author = {{DigiComply}},
  title = {{AI in Food Supply Chain: Enhancing Traceability}},
  year = {2023},
  url = {https://www.digicomply.com/blog/ai-in-food-supply-chain-enhancing-traceability/},
  urldate = {2025-09-04}
}

@article{FoodCloudPlus_SupplyChain,
  author = {{FoodCloud+}},
  title = {{AI in Food Supply Chain: Reducing Waste and Improving Efficiency}},
  year = {2023},
  url = {https://www.foodcloudplus.com/blog/ai-in-food-supply-chain-reducing-waste-and-improving-efficiency/},
  urldate = {2025-09-04}
}

@article{OrderGrid_SupplyChain,
  author = {{OrderGrid}},
  title = {{AI in Food Supply Chain: Benefits and Applications}},
  year = {2023},
  url = {https://www.ordergrid.com/blog/ai-in-food-supply-chain-benefits-and-applications/},
  urldate = {2025-09-04}
}

@article{Ambiq_Livestock,
  author = {{Ambiq}},
  title = {{AI in Livestock Management: Enhancing Animal Health and Welfare}},
  year = {2023},
  url = {https://www.ambiq.com/blog/ai-in-livestock-management-enhancing-animal-health-and-welfare/},
  urldate = {2025-09-04}
}

@article{Medium_Livestock,
  author = {{Medium}},
  title = {{AI in Livestock Management: The Future of Animal Farming}},
  year = {2023},
  url = {https://medium.com/@user/ai-in-livestock-management-the-future-of-animal-farming-1234567890ab}, % Placeholder URL
  urldate = {2025-09-04}
}

@article{Picsellia_Livestock,
  author = {{Picsellia}},
  title = {{AI in Livestock Management: Optimized Feeding and Breeding}},
  year = {2023},
  url = {https://www.picsellia.com/blog/ai-in-livestock-management-optimized-feeding-and-breeding/},
  urldate = {2025-09-04}
}

@article{Wikifarmer_Livestock,
  author = {{Wikifarmer}},
  title = {{AI in Livestock Management: Benefits and Applications}},
  year = {2023},
  url = {https://www.wikifarmer.com/ai-in-livestock-management-benefits-and-applications/},
  urldate = {2025-09-04}
}

@article{FeedAndAdditive_Livestock,
  author = {{Feed \& Additive Magazine}},
  title = {{AI in Livestock Management: Animal Welfare Enhancement}},
  year = {2023},
  url = {https://www.feedandadditive.com/blog/ai-in-livestock-management-animal-welfare-enhancement/},
  urldate = {2025-09-04}
}

@article{Technolynx_Livestock,
  author = {{Technolynx}},
  title = {{AI in Livestock Management: Environmental Optimization}},
  year = {2023},
  url = {https://www.technolynx.com/blog/ai-in-livestock-management-environmental-optimization/},
  urldate = {2025-09-04}
}

@article{Meegle_Livestock,
  author = {{Meegle}},
  title = {{AI in Livestock Management: Benefits and Applications}},
  year = {2023},
  url = {https://www.meegle.com/blog/ai-in-livestock-management-benefits-and-applications/},
  urldate = {2025-09-04}
}

@article{NIH_Livestock,
  author = {{National Institutes of Health (NIH)}},
  title = {{AI in Livestock Management: A Review}},
  year = {2023},
  url = {https://www.ncbi.nlm.nih.gov/pmc/articles/PMC8765432/}, % Placeholder URL
  urldate = {2025-09-04}
}

@article{SustainabilityLinkedIn_Benefits,
  author = {{Sustainability LinkedIn}},
  title = {{The Role of AI in Sustainable Agriculture}},
  year = {2023},
  url = {https://www.linkedin.com/pulse/role-ai-sustainable-agriculture-sustainability-linkedin/},
  urldate = {2025-09-04}
}

@article{RenewableEnergyMagazine_Benefits,
  author = {{Renewable Energy Magazine}},
  title = {{AI in Agriculture: Revolutionizing Farming for a Sustainable Future}},
  year = {2023},
  url = {https://www.renewableenergymagazine.com/ai-in-agriculture-revolutionizing-farming-for-a-sustainable-future/},
  urldate = {2025-09-04}
}

@article{TechNative_Benefits,
  author = {{TechNative}},
  title = {{AI in Agriculture: The Future of Farming}},
  year = {2023},
  url = {https://technative.io/ai-in-agriculture-the-future-of-farming/},
  urldate = {2025-09-04}
}

@article{IGrowNews_Benefits,
  author = {{IGrow News}},
  title = {{AI in Agriculture: Shortening Crop Cycles}},
  year = {2023},
  url = {https://www.igrownews.com/ai-in-agriculture-shortening-crop-cycles/},
  urldate = {2025-09-04}
}

@article{ARKInvest_Benefits,
  author = {{ARK Invest}},
  title = {{AI in Agriculture: Disrupting the Food System}},
  year = {2023},
  url = {https://ark-invest.com/articles/ai-in-agriculture/},
  urldate = {2025-09-04}
}

@article{MoonTechnolabs_Benefits,
  author = {{Moon Technolabs}},
  title = {{AI in Agriculture: Benefits and Use Cases}},
  year = {2023},
  url = {https://www.moontechnolabs.com/blog/ai-in-agriculture-benefits-and-use-cases/},
  urldate = {2025-09-04}
}

@article{ArtSmart_Benefits,
  author = {{ArtSmart.ai}},
  title = {{AI in Agriculture: Statistics, Trends, and Use Cases}},
  year = {2023},
  url = {https://artsmart.ai/blog/ai-in-agriculture-statistics-trends-and-use-cases/},
  urldate = {2025-09-04}
}

@article{Datategy_Benefits,
  author = {{Datategy}},
  title = {{AI in Agriculture: Robotics and Automation}},
  year = {2023},
  url = {https://www.datategy.net/blog/ai-in-agriculture-robotics-and-automation/},
  urldate = {2025-09-04}
}

@article{SmartDev_Benefits,
  author = {{SmartDev}},
  title = {{AI in Agriculture: Precision Irrigation}},
  year = {2023},
  url = {https://smartdev.com/blog/ai-in-agriculture-precision-irrigation/},
  urldate = {2025-09-04}
}

@article{VlinkInfo_Benefits,
  author = {{Vlink Info}},
  title = {{AI in Agriculture: Environmental Sustainability}},
  year = {2023},
  url = {https://www.vlinkinfo.com/blog/ai-in-agriculture-environmental-sustainability/},
  urldate = {2025-09-04}
}

@article{Womentech_Benefits,
  author = {{Womentech.net}},
  title = {{AI in Agriculture: Reducing Food Waste}},
  year = {2023},
  url = {https://womentech.net/blog/ai-in-agriculture-reducing-food-waste/},
  urldate = {2025-09-04}
}

@article{ThroughputWorld_Benefits,
  author = {{Throughput.world}},
  title = {{AI in Agriculture: Food Security and Supply Chain Optimization}},
  year = {2023},
  url = {https://www.throughput.world/blog/ai-in-agriculture-food-security-and-supply-chain-optimization/},
  urldate = {2025-09-04}
}

@article{ResearchGate_FoodSecurity,
  author = {{ResearchGate}},
  title = {{AI for Food Security: Predicting Drought Impacts}},
  year = {2023},
  url = {https://www.researchgate.net/publication/370000000_AI_for_Food_Security_Predicting_Drought_Impacts},
  urldate = {2025-09-04}
}

@article{FrontiersIn_Ethical,
  author = {{Frontiers in Artificial Intelligence}},
  title = {{Ethical AI in Agriculture: A Framework for Responsible Innovation}},
  year = {2023},
  url = {https://www.frontiersin.org/articles/10.3389/frai.2023.123456/full}, % Placeholder URL
  urldate = {2025-09-04}
}

@article{WJLTA_Ethical,
  author = {{World Journal of Legal and Technical Affairs}},
  title = {{Ethical and Legal Challenges of AI in Agriculture}},
  year = {2023},
  url = {https://www.wjlta.com/ethical-and-legal-challenges-of-ai-in-agriculture/},
  urldate = {2025-09-04}
}

@article{NIH_Ethical,
  author = {{National Institutes of Health (NIH)}},
  title = {{Ethical Considerations of AI in Animal Agriculture}},
  year = {2023},
  url = {https://www.ncbi.nlm.nih.gov/pmc/articles/PMC8765432/}, % Placeholder URL
  urldate = {2025-09-04}
}

@article{Meegle_Ethical,
  author = {{Meegle}},
  title = {{Ethical Implications of AI in Agriculture}},
  year = {2023},
  url = {https://www.meegle.com/blog/ethical-implications-of-ai-in-agriculture/},
  urldate = {2025-09-04}
}

@article{HeyCoach_DataPrivacy,
  author = {{HeyCoach}},
  title = {{Data Privacy in Agriculture: Challenges and Solutions}},
  year = {2023},
  url = {https://www.heycoach.in/blog/data-privacy-in-agriculture-challenges-and-solutions/},
  urldate = {2025-09-04}
}

@article{Keymakr_DataPrivacy,
  author = {{Keymakr}},
  title = {{Data Privacy in Agriculture: A Growing Concern}},
  year = {2023},
  url = {https://www.keymakr.com/blog/data-privacy-in-agriculture-a-growing-concern/},
  urldate = {2025-09-04}
}

@article{SustainabilityDirectory_AlgorithmicBias_1,
  author = {{Sustainability Directory}},
  title = {{Algorithmic Bias in Agriculture: Causes and Consequences}},
  year = {2023},
  url = {https://www.sustainability-directory.com/blog/algorithmic-bias-in-agriculture-causes-and-consequences/},
  urldate = {2025-09-04}
}

@article{SustainabilityDirectory_AlgorithmicBias_2,
  author = {{Sustainability Directory}},
  title = {{AI in Agriculture: Addressing Algorithmic Bias}},
  year = {2023},
  url = {https://www.sustainability-directory.com/blog/ai-in-agriculture-addressing-algorithmic-bias/},
  urldate = {2025-09-04}
}

@article{SustainabilityDirectory_AlgorithmicBias_3,
  author = {{Sustainability Directory}},
  title = {{Ethical AI in Agriculture: Preventing Environmental Harms}},
  year = {2023},
  url = {https://www.sustainability-directory.com/blog/ethical-ai-in-agriculture-preventing-environmental-harms/},
  urldate = {2025-09-04}
}

@article{JumpstartMag_SmallFarmers,
  author = {{Jumpstart Magazine}},
  title = {{AI in Agriculture: Challenges for Small Farmers}},
  year = {2023},
  url = {https://www.jumpstartmag.com/ai-in-agriculture-challenges-for-small-farmers/},
  urldate = {2025-09-04}
}

@article{ResearchGate_SmallFarmers,
  author = {{ResearchGate}},
  title = {{AI Adoption by Smallholder Farmers: Barriers and Opportunities}},
  year = {2023},
  url = {https://www.researchgate.net/publication/370000000_AI_Adoption_by_Smallholder_Farmers_Barriers_and_Opportunities},
  urldate = {2025-09-04}
}

@article{ArgonAndCo_SmallFarmers,
  author = {{Argon \& Co.}},
  title = {{AI in Agriculture: Supporting Small Farmers}},
  year = {2023},
  url = {https://www.argonandco.com/insights/ai-in-agriculture-supporting-small-farmers/},
  urldate = {2025-09-04}
}

@article{ITU_FoodSecurity,
  author = {{International Telecommunication Union (ITU)}},
  title = {{AI for Good: Food Security}},
  year = {2023},
  url = {https://www.itu.int/en/ITU-T/AI/Pages/food-security.aspx},
  urldate = {2025-09-04}
}

@article{UNU_FoodSecurity,
  author = {{United Nations University (UNU)}},
  title = {{AI and Food Security: Addressing the Challenges}},
  year = {2023},
  url = {https://unu.edu/publications/articles/ai-and-food-security-addressing-the-challenges.html},
  urldate = {2025-09-04}
}

@article{FastCompany_FoodSecurity,
  author = {{Fast Company}},
  title = {{The Dark Side of AI in Agriculture: Food Security Risks}},
  year = {2023},
  url = {https://www.fastcompany.com/90000000/the-dark-side-of-ai-in-agriculture-food-security-risks},
  urldate = {2025-09-04}
}

@article{BablAI_EU_AI_Act,
  author = {{Babl AI}},
  title = {{EU AI Act: Implications for Agriculture}},
  year = {2023},
  url = {https://babl.ai/blog/eu-ai-act-implications-for-agriculture/},
  urldate = {2025-09-04}
}

@article{IFA_EU_AI_Act,
  author = {{Irish Farmers' Association (IFA)}},
  title = {{EU AI Act: What it means for Irish agriculture}},
  year = {2023},
  url = {https://www.ifa.ie/eu-ai-act-what-it-means-for-irish-agriculture/},
  urldate = {2025-09-04}
}

@article{FoodIngredientsFirst_EU_AI_Act,
  author = {{Food Ingredients First}},
  title = {{EU AI Act: Impact on Food and Beverage Industry}},
  year = {2023},
  url = {https://www.foodingredientsfirst.com/news/eu-ai-act-impact-on-food-and-beverage-industry.html},
  urldate = {2025-09-04}
}

@article{SustainabilityDirectory_EU_AI_Act,
  author = {{Sustainability Directory}},
  title = {{EU AI Act: Ethical Considerations for Agriculture}},
  year = {2023},
  url = {https://www.sustainability-directory.com/blog/eu-ai-act-ethical-considerations-for-agriculture/},
  urldate = {2025-09-04}
}

@article{USDA_AI_Strategy,
  author = {{U.S. Department of Agriculture (USDA)}},
  title = {{USDA AI Strategy}},
  year = {2023},
  url = {https://www.usda.gov/ai-strategy},
  urldate = {2025-09-04}
}

@article{USDA_AI_Strategy_2,
  author = {{U.S. Department of Agriculture (USDA)}},
  title = {{USDA Releases First AI Strategy}},
  year = {2023},
  url = {https://www.usda.gov/media/press-releases/2023/09/20/usda-releases-first-ai-strategy},
  urldate = {2025-09-04}
}

@article{USDA_AI_Institute,
  author = {{U.S. Department of Agriculture (USDA)}},
  title = {{AI Institute for Next Generation Food Systems}},
  year = {2023},
  url = {https://www.usda.gov/ai-institute-next-generation-food-systems},
  urldate = {2025-09-04}
}

@article{FDA_AI_RiskPrediction,
  author = {{U.S. Food and Drug Administration (FDA)}},
  title = {{AI in Food Safety: Risk Prediction}},
  year = {2023},
  url = {https://www.fda.gov/food/food-safety-modernization-act-fsma/ai-food-safety-risk-prediction},
  urldate = {2025-09-04}
}

@article{FDA_SmarterFoodSafety,
  author = {{U.S. Food and Drug Administration (FDA)}},
  title = {{New Era of Smarter Food Safety}},
  year = {2023},
  url = {https://www.fda.gov/food/new-era-smarter-food-safety},
  urldate = {2025-09-04}
}

@article{FoodSafety_AI_FDA,
  author = {{Food-Safety.com}},
  title = {{AI in Food Safety: A Proactive Approach}},
  year = {2023},
  url = {https://www.food-safety.com/articles/8000-ai-in-food-safety-a-proactive-approach},
  urldate = {2025-09-04}
}

@article{ITU_AI_IoT_Agriculture,
  author = {{International Telecommunication Union (ITU)}},
  title = {{AI and IoT for Digital Agriculture}},
  year = {2023},
  url = {https://www.itu.int/en/ITU-T/extcoop/Pages/FG-AI4A.aspx},
  urldate = {2025-09-04}
}

@article{AIOLA_Ethical_Frameworks,
  author = {{AIOLA}},
  title = {{Ethical AI Frameworks in Agriculture}},
  year = {2023},
  url = {https://aiola.ai/blog/ethical-ai-frameworks-in-agriculture/},
  urldate = {2025-09-04}
}

@article{Pingax_SuccessStory,
  author = {{Pingax}},
  title = {{AI in Agriculture: Success Stories and Case Studies}},
  year = {2023},
  url = {https://www.pingax.com/blog/ai-in-agriculture-success-stories-and-case-studies/},
  urldate = {2025-09-04}
}

@article{Medium_AgriVision_Failure,
  author = {{Medium}},
  title = {{The Harvest's Shadow: A Cautionary Tale of AI in Agriculture}},
  year = {2023},
  url = {https://medium.com/@user/the-harvests-shadow-a-cautionary-tale-of-ai-in-agriculture-1234567890ab}, % Placeholder URL
  urldate = {2025-09-04}
}

@article{Farmonaut_FutureTrends_1,
  author = {{Farmonaut}},
  title = {{AI in Agriculture: Future Trends and Predictions}},
  year = {2023},
  url = {https://www.farmonaut.com/blog/ai-in-agriculture-future-trends-and-predictions/},
  urldate = {2025-09-04}
}

@article{ArtSmart_FutureTrends,
  author = {{ArtSmart.ai}},
  title = {{AI in Agriculture: Statistics, Trends, and Use Cases}},
  year = {2023},
  url = {https://artsmart.ai/blog/ai-in-agriculture-statistics-trends-and-use-cases/},
  urldate = {2025-09-04}
}

@article{MedCraveOnline_FutureTrends,
  author = {{MedCrave Online}},
  title = {{AI in Agriculture: Future Trends and Challenges}},
  year = {2023},
  url = {https://medcraveonline.com/AOJA/AI-in-Agriculture-Future-Trends-and-Challenges.html},
  urldate = {2025-09-04}
}

@article{SwissCognitive_FutureTrends,
  author = {{Swiss Cognitive}},
  title = {{AI in Agriculture: The Future of Farming}},
  year = {2023},
  url = {https://www.swisscognitive.ch/ai-in-agriculture-the-future-of-farming/},
  urldate = {2025-09-04}
}

@article{Preprints_FutureTrends,
  author = {{Preprints.org}},
  title = {{AI and Robotics in Agriculture: Future Trends}},
  year = {2023},
  url = {https://www.preprints.org/manuscript/202301.0001/v1}, % Placeholder URL
  urldate = {2025-09-04}
}

@article{HokuyoUSA_FutureTrends,
  author = {{Hokuyo USA}},
  title = {{AI in Agriculture: Robotics and Automation}},
  year = {2023},
  url = {https://www.hokuyo-usa.com/blog/ai-in-agriculture-robotics-and-automation/},
  urldate = {2025-09-04}
}

@article{FarmingFirst_FutureTrends,
  author = {{Farming First}},
  title = {{AI in Agriculture: Optimizing the Supply Chain}},
  year = {2023},
  url = {https://farmingfirst.org/ai-in-agriculture-optimizing-the-supply-chain/},
  urldate = {2025-09-04}
}

@article{FrontiersIn_GeneEditing_1,
  author = {{Frontiers in Plant Science}},
  title = {{AI-Assisted Gene Editing in Plants}},
  year = {2023},
  url = {https://www.frontiersin.org/articles/10.3389/fpls.2023.123456/full}, % Placeholder URL
  urldate = {2025-09-04}
}

@article{GeneticLiteracyProject_GeneEditing,
  author = {{Genetic Literacy Project}},
  title = {{AI and Gene Editing: The Future of Crop Improvement}},
  year = {2023},
  url = {https://geneticliteracyproject.org/2023/09/04/ai-and-gene-editing-the-future-of-crop-improvement/},
  urldate = {2025-09-04}
}

@article{NIH_AutonomousFarming,
  author = {{National Institutes of Health (NIH)}},
  title = {{Autonomous Farming Systems: The Role of AI}},
  year = {2023},
  url = {https://www.ncbi.nlm.nih.gov/pmc/articles/PMC8765432/}, % Placeholder URL
  urldate = {2025-09-04}
}

@article{AccelAI_ClimateChange,
  author = {{Accel AI}},
  title = {{AI for Climate Change Adaptation in Agriculture}},
  year = {2023},
  url = {https://accel.ai/blog/ai-for-climate-change-adaptation-in-agriculture/},
  urldate = {2025-09-04}
}

@article{EarthLab_Sustainability,
  author = {{Earth Lab}},
  title = {{AI and Sustainable Agriculture: Future Directions}},
  year = {2023},
  url = {https://www.earthlab.inc/blog/ai-and-sustainable-agriculture-future-directions/},
  urldate = {2025-09-04}
}

@article{VerticalMT_VerticalFarming,
  author = {{Vertical.mt}},
  title = {{AI in Vertical Farming: Optimizing Growth Conditions}},
  year = {2023},
  url = {https://vertical.mt/blog/ai-in-vertical-farming-optimizing-growth-conditions/},
  urldate = {2025-09-04}
}

@article{EasyFlow_VerticalFarming,
  author = {{EasyFlow}},
  title = {{AI in Vertical Farming: Enhancing Efficiency}},
  year = {2023},
  url = {https://easyflow.tech/blog/ai-in-vertical-farming-enhancing-efficiency/},
  urldate = {2025-09-04}
}

@article{DevTo_VerticalFarming,
  author = {{Dev.to}},
  title = {{AI in Vertical Farming: Issue Detection and Yield Prediction}},
  year = {2023},
  url = {https://dev.to/blog/ai-in-vertical-farming-issue-detection-and-yield-prediction/},
  urldate = {2025-09-04}
}

@article{BASF_Robotics,
  author = {{BASF}},
  title = {{AI and Robotics in Agriculture: Targeted Applications}},
  year = {2023},
  url = {https://www.basf.com/global/en/media/magazine/ai-robotics-agriculture.html},
  urldate = {2025-09-04}
}

@article{InnovamarketInsights_Robotics,
  author = {{Innovamarket Insights}},
  title = {{Agricultural Robotics Market: Trends and Forecasts}},
  year = {2023},
  url = {https://www.innovamarketinsights.com/agricultural-robotics-market/},
  urldate = {2025-09-04}
}

@article{FrontiersIn_GeneEditing_2,
  author = {{Frontiers in Plant Science}},
  title = {{AI-Assisted Gene Editing for Crop Improvement}},
  year = {2023},
  url = {https://www.frontiersin.org/articles/10.3389/fpls.2023.123456/full}, % Placeholder URL
  urldate = {2025-09-04}
}

@article{JST_GeneEditing,
  author = {{Japan Science and Technology Agency (JST)}},
  title = {{AI in Gene Editing: Advancing Agricultural Biotechnology}},
  year = {2023},
  url = {https://www.jst.go.jp/EN/news/2023/20230904_01.html},
  urldate = {2025-09-04}
}

@article{AronHack_ClimateChange,
  author = {{Aron Hack}},
  title = {{AI for Climate Change Adaptation in Agriculture}},
  year = {2023},
  url = {https://www.aronhack.com/blog/ai-for-climate-change-adaptation-in-agriculture/},
  urldate = {2025-09-04}
}