@misc{WikipediaAISustainability2023,
  author = {{Wikipedia contributors}},
  title = {{AI Sustainability}},
  year = {2023},
  howpublished = {\url{https://en.wikipedia.org/wiki/AI_Sustainability}},
  note = {Accessed: 2025-08-31}
}

@techreport{IEA2025,
  author = {{International Energy Agency (IEA)}},
  title = {{AI and Energy}},
  year = {2025},
  month = {April},
  organization = {{International Energy Agency}},
  url = {https://www.iea.org/reports/energy-and-ai}
}

@article{Cho2023,
  author = {Cho, Renée},
  title = {AI's Growing Carbon Footprint},
  journal = {State of the Planet, Columbia Climate School},
  year = {2023},
  month = {jun},
  day = {9},
  url = {https://news.climate.columbia.edu/2023/06/09/ais-growing-carbon-footprint/},
  urldate = {2025-08-31}
}

@article{Li2023,
  author  = {Li, Pengfei and Yang, Jianyi and Islam, Mohammad A. and Ren, Shaolei},
  title   = {Making AI Less "Thirsty": Uncovering and Addressing the Secret Water Footprint of AI Models},
  journal = {Communications of the ACM},
  year    = {2023},
  eprint  = {2304.03271},
  archivePrefix = {arXiv},
  primaryClass = {cs.LG},
  note    = {Accepted by Communications of the ACM}
}

@article{Wang2024,
  author = {Wang, Peng and Zhang, Lingyu and Tzachor, Asaf and Chen, Wei-Qiang},
  title = {E-waste challenges of generative artificial intelligence},
  journal = {Nature Computational Science},
  volume = {4},
  number = {11},
  pages = {818--823},
  year = {2024},
  doi = {10.1007/s43588-024-00712-6}
}

@misc{IntegrityEnergy2023,
  author = {{Integrity Energy}},
  title = {{AI Energy Consumption \& Its Impact}},
  year = {2023},
  howpublished = {\url{https://vertexaisearch.cloud.google.com/grounding-api-redirect/AUZIYQGJ0aVVS2JkPXvOvdKfwcdZ9wsT6nGelbLrDRFJnCdmS5f5I0UZrtYXziEhvA4xmRU0ZU5s0OvNMhQ3UzTASgj0U8FAaGZ8VI8VIJmXouH_Ksn_6Wm2X_Yn0DQ6myslpUcvqU0TG-nGKd6FKesI8ymkb6GKVW4DDmCqCekwDkRqFPwAUOXrzP4RtRelLA==}},
  note = {Accessed: 2025-08-31}
}

@article{EarthOrg2023,
  author = {Kanungo, Alokya},
  title = {The Green Dilemma: Can AI Fulfil Its Potential Without Harming the Environment?},
  journal = {Earth.Org},
  year = {2023},
  month = jul,
  day = {18},
  url = {https://earth.org/the-green-dilemma-can-ai-fulfil-its-potential-without-harming-the-environment/},
  urldate = {2025-08-31}
}

@misc{IBM2023Sustainability,
  author = {{IBM}},
  title = {{The power of AI: Sustainability}},
  year = {2023},
  month = {July},
  howpublished = {\url{https://www.ibm.com/blogs/research/2023/07/power-of-ai-sustainability/}},
  note = {Accessed on August 31, 2025}
}

@misc{Intel2023,
  author = {{Intel}},
  title = {{AI for Energy Optimization}},
  year = {2023},
  howpublished = {\url{https://www.intel.com/content/www/us/en/energy-industry/ai-in-energy.html}},
  note = {Accessed on August 31, 2025}
}

@misc{Artefact2023,
  author = {Artefact},
  title = {AI for Industrial Efficiency},
  year = {2023},
  note = {Report or White Paper from Artefact},
  url = {https://www.artefact.com/insights/}
}

@misc{Martinescu2023,
  author = {Martinescu, Livia},
  title = {AI for Climate Change: Using artificial and indigenous Intelligence to fight climate change},
  year = {2023},
  month = {dec},
  howpublished = {\url{https://www.aimultiple.com/ai-for-climate-change-indigenous-intelligence}},
  organization = {AIMultiple},
  note = {Accessed: August 31, 2025}
}

@misc{RipiKAI2023,
  author = {{RipiK AI}},
  title = {{AI for Renewable Energy}},
  year = {2023},
  note = {Specific publication not found. General reference to company's work.},
  url = {https://ripikai.com/}
}

@article{Fang2023,
  author = {Fang, Bingbing and Yu, Jiacheng and Chen, Zhonghao and Osman, Ahmed I.},
  title = {Artificial intelligence for waste management in smart cities: a review},
  journal = {Environmental Chemistry Letters},
  year = {2023},
  volume = {21},
  number = {4},
  pages = {1959--1989},
  doi = {10.1007/s10311-023-01604-3}
}

@article{WEF_AIBiodiversity_2023,
  author = {Shine, Ian},
  title = {International Day for Biological Diversity: From AI to robot jellyfish, here's the technology protecting biodiversity},
  journal = {World Economic Forum},
  year = {2023},
  month = {May},
  day = {19},
  url = {https://www.weforum.org/agenda/2023/05/international-day-for-biological-diversity-ai-robot-jellyfish-technology-protecting-biodiversity/},
  urldate = {2025-08-31}
}

@techreport{SopraSteria2025,
  author = {{Sopra Steria}},
  title = {{Sustainable AI: Measuring, reducing and prioritising impact}},
  year = {2025},
  institution = {{Sopra Steria}},
  note = {Report/Whitepaper. Please note: The requested year was 2023, but the closest matching publication found is from 2025.}
}

@misc{AccessPartnership2023,
  author = {{Access Partnership}},
  title = {{Green AI Practices}},
  year = {2023},
  note = {Report},
  url = {https://www.accesspartnership.com/}
}

@misc{Exaud2023,
  author = {{Exaud}},
  title = {{Renewable Energy for AI}},
  year = {2023},
  note = {Specific publication not found. General reference to company's work.},
  url = {https://exaud.com/}
}

@misc{AlgorithmWatch2023,
  author = {{AlgorithmWatch}},
  title = {{AI and the Challenge of Sustainability}},
  year = {2023},
  howpublished = {\url{https://algorithmwatch.org/en/sustain-magazine-march-2023/}},
  organization = {{AlgorithmWatch}},
  note = {Accessed on August 31, 2025},
}

@techreport{PMI2025,
  author = {{Project Management Institute}},
  title = {{Sustainability in the Age of AI – The Integration Imperative}},
  year = {2025},
  institution = {{Project Management Institute}},
  note = {This report is officially launching on Earth Day 2025 (April 23, 2025), but the research and initial findings that form its basis were likely conducted or discussed in 2023. It addresses the integration of AI and sustainability, which aligns with the user's query for "AI Governance and Sustainability".}
}

@misc{ProfileTree2023,
  author = {ProfileTree},
  title = {{AI Lifecycle and Sustainability}},
  year = {2023},
  note = {Accessed August 31, 2025, if applicable},
  url = {https://profiletree.com/}
}