@misc{smartdev.com,
  author = {{SmartDev}},
  title  = {AI in Energy: Optimization and Predictive Maintenance},
  year   = {2025},
  note   = {Accessed on September 1, 2025}
}

@misc{checkpoint.com,
  author = {{Check Point Software Technologies}},
  title  = {AI and Cybersecurity Risks in Critical Infrastructure},
  year   = {2025},
  note   = {Accessed on September 1, 2025}
}

@misc{vktr.com,
  author = {{VKTR}},
  title  = {AI for Wind Turbine Predictive Maintenance},
  year   = {2025},
  note   = {Accessed on September 1, 2025}
}

@misc{medium.com,
  author = {{Medium}},
  title  = {Ã˜rsted Uses AI for Wind Turbine Optimization},
  year   = {2025},
  note   = {Accessed on September 1, 2025}
}

@misc{uppcsmagazine.com,
  author = {{UPPCS Magazine}},
  title  = {AI in Water Management: Leak Detection and Resource Optimization},
  year   = {2025},
  note   = {Accessed on September 1, 2025}
}

@misc{dlt.com,
  author = {{DLT Solutions}},
  title  = {Aquasight: AI for Wastewater Treatment Optimization},
  year   = {2025},
  note   = {Accessed on September 1, 2025}
}

@misc{rst.software,
  author = {{RST Software}},
  title  = {AI in Transportation: Enhancing Safety and Efficiency},
  year   = {2025},
  note   = {Accessed on September 1, 2025}
}

@misc{digitaldefynd.com,
  author = {{Digital Defynd}},
  title  = {Copenhagen's Intelligent Traffic Systems},
  year   = {2025},
  note   = {Accessed on September 1, 2025}
}

@misc{emizentech.ae,
  author = {{Emizentech}},
  title  = {AI for Public Transportation Optimization},
  year   = {2025},
  note   = {Accessed on September 1, 2025}
}

@misc{intuz.com,
  author = {{Intuz}},
  title  = {UPS ORION System: AI for Logistics Optimization},
  year   = {2025},
  note   = {Accessed on September 1, 2025}
}

@misc{scimedian.in,
  author = {{SciMedian}},
  title  = {AI in Healthcare: Diagnostics and Personalized Medicine},
  year   = {2025},
  note   = {Accessed on September 1, 2025}
}

@misc{tezeract.ai,
  author = {{Tezeract AI}},
  title  = {AI for Predictive Analytics in Healthcare},
  year   = {2025},
  note   = {Accessed on September 1, 2025}
}

@misc{designveloper.com,
  author = {{Designveloper}},
  title  = {AI-Powered Virtual Nursing Assistants},
  year   = {2025},
  note   = {Accessed on September 1, 2025}
}

@misc{georgetown.edu,
  author = {{Georgetown University}},
  title  = {Challenges in AI Adoption in Critical Infrastructure},
  year   = {2025},
  note   = {Accessed on September 1, 2025}
}

@misc{elewit.ventures,
  author = {{Elewit Ventures}},
  title  = {Complexity and Scalability of AI Models},
  year   = {2025},
  note   = {Accessed on September 1, 2025}
}

@misc{rand.org,
  author = {{RAND Corporation}},
  title  = {Ethical and Regulatory Concerns in AI},
  year   = {2025},
  note   = {Accessed on September 1, 2025}
}
