'''@article{lopez2019artificial,
  title={Artificial intelligence in finance: a review and future research agenda},
  author={Lopez-Rodriguez, J. and Bremser, K. and Harris, P.},
  journal={International Journal of Accounting Information Systems},
  volume={34},
  pages={100410},
  year={2019},
  publisher={Elsevier}
}

@article{rustandi2025ai,
  title={AI in Finance: A Systematic Literature Review},
  author={Rustandi, Rustandi and Arifin, Andi Harmoko},
  journal={Proceeding International Collaborative Conference on Multidisciplinary Science},
  volume={2},
  number={1},
  pages={24--34},
  year={2025},
  doi={10.70062/iccms.v2i1.68}
}

@techreport{fma2024understanding,
  title        = {Understanding Artificial Intelligence in Financial Services},
  author       = {{Financial Markets Authority}},
  institution  = {Financial Markets Authority},
  year         = {2024},
  month        = {September},
  address      = {Wellington, New Zealand},
  url          = {https://www.fma.govt.nz/news/all-releases/media-releases/understanding-artificial-intelligence-in-financial-services/}
}