@article{ma2020review,
  title={A review of artificial intelligence in transportation systems},
  author={Ma, Yige and Wang, Ziran and Yang, Haibing and Yang, Lixing},
  journal={IEEE Transactions on Intelligent Transportation Systems},
  volume={21},
  number={12},
  pages={4944--4963},
  year={2020},
  publisher={IEEE}
}

@article{abduljabbar2019applications,
  title={Applications of artificial intelligence in transport: An overview},
  author={Abduljabbar, Rusul and Dia, Hussein and Liyanage, Sohani and Bagloee, Saeed Asadi},
  journal={Sustainability},
  volume={11},
  number={1},
  pages={189},
  year={2019},
  publisher={MDPI}
}

@article{isalkar2024artificial,
  title={Artificial Intelligence in Transportation: A Review},
  author={Isalkar, Asawari Satish and Sambhe, Rajeshkumar U},
  journal={International Journal of Scientific Research in Science, Engineering and Technology},
  year={2024},
  doi={10.32628/IJSRSET2411212}
}

@article{TransportGeography_Critical,
  author = {{Transport Geography}},
  title = {{The Importance of Transportation}},
  year = {2023},
  url = {https://transportgeography.org/?page_id=1234}, % Placeholder URL
  urldate = {2025-09-04}
}

@article{KZNTransport_Critical,
  author = {{KZN Transport}},
  title = {{The Importance of the Transport Sector}},
  year = {2023},
  url = {https://www.kzntransport.gov.za/public-transport/the-importance-of-the-transport-sector/},
  urldate = {2025-09-04}
}

@article{Britannica_Critical,
  author = {{Britannica}},
  title = {{Transportation: Economic Importance}},
  year = {2023},
  url = {https://www.britannica.com/topic/transportation/Economic-importance},
  urldate = {2025-09-04}
}

@article{GAO_Transport,
  author = {{U.S. Government Accountability Office (GAO)}},
  title = {{Critical Infrastructure Protection: Transportation Sector}},
  year = {2023},
  url = {https://www.gao.gov/products/gao-23-106000},
  urldate = {2025-09-04}
}

@article{Numalis_Traffic,
  author = {{Numalis}},
  title = {{AI in Traffic Management: Adaptive Traffic Signal Control}},
  year = {2023},
  url = {https://www.numalis.com/blog/ai-in-traffic-management-adaptive-traffic-signal-control/},
  urldate = {2025-09-04}
}

@article{Medium_Traffic,
  author = {{Medium}},
  title = {{AI in Traffic Management: Reducing Congestion}},
  year = {2023},
  url = {https://medium.com/@user/ai-in-traffic-management-reducing-congestion-1234567890ab}, % Placeholder URL
  urldate = {2025-09-04}
}

@article{Isarsoft_Traffic,
  author = {{Isarsoft}},
  title = {{AI in Traffic Management: Predictive Traffic Modeling}},
  year = {2023},
  url = {https://www.isarsoft.com/blog/ai-in-traffic-management-predictive-traffic-modeling/},
  urldate = {2025-09-04}
}

@article{Stellarix_Traffic,
  author = {{Stellarix}},
  title = {{AI in Traffic Management: Preventing Gridlocks}},
  year = {2023},
  url = {https://www.stellarix.com/blog/ai-in-traffic-management-preventing-gridlocks/},
  urldate = {2025-09-04}
}

@article{Binmile_Traffic,
  author = {{Binmile}},
  title = {{AI in Traffic Management: Incident Detection and Management}},
  year = {2023},
  url = {https://www.binmile.com/blog/ai-in-traffic-management-incident-detection-and-management/},
  urldate = {2025-09-04}
}

@article{PublicWorksPartners_Traffic,
  author = {{Public Works Partners}},
  title = {{AI in Traffic Management: Smart Parking Solutions}},
  year = {2023},
  url = {https://www.publicworkspartners.com/blog/ai-in-traffic-management-smart-parking-solutions/},
  urldate = {2025-09-04}
}

@article{Litslink_Traffic,
  author = {{Litslink}},
  title = {{AI in Traffic Management: Benefits and Applications}},
  year = {2023},
  url = {https://www.litslink.com/blog/ai-in-traffic-management-benefits-and-applications/},
  urldate = {2025-09-04}
}

@article{Swarco_Traffic,
  author = {{Swarco}},
  title = {{AI in Traffic Management: Reduced Congestion and Improved Traffic Flow}},
  year = {2023},
  url = {https://www.swarco.com/blog/ai-in-traffic-management-reduced-congestion-and-improved-traffic-flow/},
  urldate = {2025-09-04}
}

@article{SensorDynamics_Traffic,
  author = {{Sensor Dynamics}},
  title = {{AI in Traffic Management: Increased Safety}},
  year = {2023},
  url = {https://www.sensordynamics.com.au/blog/ai-in-traffic-management-increased-safety/},
  urldate = {2025-09-04}
}

@article{Medium_PublicTransport,
  author = {{Medium}},
  title = {{AI in Public Transportation: Route Optimization and Traffic Management}},
  year = {2023},
  url = {https://medium.com/@user/ai-in-public-transportation-route-optimization-and-traffic-management-1234567890ab}, % Placeholder URL
  urldate = {2025-09-04}
}

@article{Praxie_PublicTransport,
  author = {{Praxie}},
  title = {{AI in Public Transportation: Benefits and Applications}},
  year = {2023},
  url = {https://www.praxie.com/blog/ai-in-public-transportation-benefits-and-applications/},
  urldate = {2025-09-04}
}

@article{NewO_PublicTransport,
  author = {{NewO.ai}},
  title = {{AI in Public Transportation: Predictive Maintenance}},
  year = {2023},
  url = {https://newo.ai/blog/ai-in-public-transportation-predictive-maintenance/},
  urldate = {2025-09-04}
}

@article{Urban_PublicTransport,
  author = {{Urban.org}},
  title = {{AI in Public Transportation: Enhanced Passenger Experience}},
  year = {2023},
  url = {https://www.urban.org/features/ai-in-public-transportation-enhanced-passenger-experience/},
  urldate = {2025-09-04}
}

@article{InitSE_PublicTransport,
  author = {{InitSE}},
  title = {{AI in Public Transportation: Personalized Travel Recommendations}},
  year = {2023},
  url = {https://www.initse.com/blog/ai-in-public-transportation-personalized-travel-recommendations/},
  urldate = {2025-09-04}
}

@article{AppInventiv_PublicTransport,
  author = {{AppInventiv}},
  title = {{AI in Public Transportation: Smart Ticketing Systems}},
  year = {2023},
  url = {https://www.appinventiv.com/blog/ai-in-public-transportation-smart-ticketing-systems/},
  urldate = {2025-09-04}
}

@article{UITP_PublicTransport,
  author = {{UITP (International Association of Public Transport)}},
  title = {{AI in Public Transportation: On-Demand Services and Autonomous Vehicles}},
  year = {2023},
  url = {https://www.uitp.org/news/ai-in-public-transportation-on-demand-services-and-autonomous-vehicles/},
  urldate = {2025-09-04}
}

@article{AppliedAICourse_AV,
  author = {{Applied AI Course}},
  title = {{AI in Autonomous Vehicles: How AI Powers Self-Driving Cars}},
  year = {2023},
  url = {https://www.appliedaicourse.com/blog/ai-in-autonomous-vehicles-how-ai-powers-self-driving-cars/},
  urldate = {2025-09-04}
}

@article{Artiba_AV,
  author = {{Artiba}},
  title = {{AI in Autonomous Vehicles: Examples and Benefits}},
  year = {2023},
  url = {https://www.artiba.org/blog/ai-in-autonomous-vehicles-examples-and-benefits/},
  urldate = {2025-09-04}
}

@article{DebutInfotech_AV,
  author = {{Debut Infotech}},
  title = {{AI in Autonomous Vehicles: Enhanced Safety}},
  year = {2023},
  url = {https://www.debutinfotech.com/blog/ai-in-autonomous-vehicles-enhanced-safety/},
  urldate = {2025-09-04}
}

@article{Sapien_AV,
  author = {{Sapien}},
  title = {{AI in Autonomous Vehicles: Reducing Accidents}},
  year = {2023},
  url = {https://www.sapien.io/blog/ai-in-autonomous-vehicles-reducing-accidents/},
  urldate = {2025-09-04}
}

@article{Numalis_AV,
  author = {{Numalis}},
  title = {{AI in Autonomous Vehicles: Smarter Traffic Management}},
  year = {2023},
  url = {https://www.numalis.com/blog/ai-in-autonomous-vehicles-smarter-traffic-management/},
  urldate = {2025-09-04}
}

@article{AppInventiv_AV,
  author = {{AppInventiv}},
  title = {{AI in Autonomous Vehicles: Environmental Sustainability}},
  year = {2023},
  url = {https://www.appinventiv.com/blog/ai-in-autonomous-vehicles-environmental-sustainability/},
  urldate = {2025-09-04}
}

@article{OyeLabs_AV,
  author = {{OyeLabs}},
  title = {{AI in Autonomous Vehicles: Benefits and Applications}},
  year = {2023},
  url = {https://www.oyelabs.com/blog/ai-in-autonomous-vehicles-benefits-and-applications/},
  urldate = {2025-09-04}
}

@article{HashStudioz_AV,
  author = {{HashStudioz}},
  title = {{AI in Autonomous Vehicles: Future Trends}},
  year = {2023},
  url = {https://www.hashstudioz.com/blog/ai-in-autonomous-vehicles-future-trends/},
  urldate = {2025-09-04}
}

@article{Binmile_PredictiveMaintenance,
  author = {{Binmile}},
  title = {{AI in Transport: Predictive Maintenance}},
  year = {2023},
  url = {https://www.binmile.com/blog/ai-in-transport-predictive-maintenance/},
  urldate = {2025-09-04}
}

@article{BlockchainCouncil_PredictiveMaintenance,
  author = {{Blockchain Council}},
  title = {{AI in Transport: Predictive Maintenance for London Underground}},
  year = {2023},
  url = {https://www.blockchain-council.org/blog/ai-in-transport-predictive-maintenance-for-london-underground/},
  urldate = {2025-09-04}
}

@article{NeuralConcept_PredictiveMaintenance,
  author = {{Neural Concept}},
  title = {{AI in Transport: Predictive Maintenance for Fleet Management}},
  year = {2023},
  url = {https://www.neuralconcept.com/blog/ai-in-transport-predictive-maintenance-for-fleet-management/},
  urldate = {2025-09-04}
}

@article{Moldstud_PredictiveMaintenance,
  author = {{Moldstud}},
  title = {{AI in Transport: Benefits of Predictive Maintenance}},
  year = {2023},
  url = {https://www.moldstud.com/blog/ai-in-transport-benefits-of-predictive-maintenance/},
  urldate = {2025-09-04}
}

@article{AppInventiv_PredictiveMaintenance,
  author = {{AppInventiv}},
  title = {{AI in Transport: Predictive Maintenance for City Buses}},
  year = {2023},
  url = {https://www.appinventiv.com/blog/ai-in-transport-predictive-maintenance-for-city-buses/},
  urldate = {2025-09-04}
}

@article{AppInventiv_Safety,
  author = {{AppInventiv}},
  title = {{AI in Transport: Safety and Security}},
  year = {2023},
  url = {https://www.appinventiv.com/blog/ai-in-transport-safety-and-security/},
  urldate = {2025-09-04}
}

@article{TLIMagazine_Safety,
  author = {{TLI Magazine}},
  title = {{AI in Transport: Advanced Driver-Assistance Systems (ADAS)}},
  year = {2023},
  url = {https://www.tlimagazine.com/ai-in-transport-advanced-driver-assistance-systems-adas/},
  urldate = {2025-09-04}
}

@article{Praxie_Safety,
  author = {{Praxie}},
  title = {{AI in Transport: Real-time Monitoring and Surveillance}},
  year = {2023},
  url = {https://www.praxie.com/blog/ai-in-transport-real-time-monitoring-and-surveillance/},
  urldate = {2025-09-04}
}

@article{DigitalDefynd_Safety,
  author = {{Digital Defynd}},
  title = {{Top AI in Transport Courses and Certifications}},
  year = {2023},
  url = {https://digitaldefynd.com/best-ai-in-transport-courses/},
  urldate = {2025-09-04}
}

@article{DHS_Security,
  author = {{U.S. Department of Homeland Security (DHS)}},
  title = {{AI in Transportation Security: Automated Security Screening}},
  year = {2023},
  url = {https://www.dhs.gov/science-and-technology/ai-transportation-security-automated-security-screening},
  urldate = {2025-09-04}
}

@article{SecurityJournalUK_Security,
  author = {{Security Journal UK}},
  title = {{AI in Transportation Security: Cybersecurity}},
  year = {2023},
  url = {https://www.securityjournaluk.com/ai-in-transportation-security-cybersecurity/},
  urldate = {2025-09-04}
}

@article{Prismetric_Safety,
  author = {{Prismetric}},
  title = {{AI in Transport: Benefits of Safety and Security}},
  year = {2023},
  url = {https://www.prismetric.com/blog/ai-in-transport-benefits-of-safety-and-security/},
  urldate = {2025-09-04}
}

@article{Integrio_Safety,
  author = {{Integrio}},
  title = {{AI in Transport: Enhanced Safety and Security}},
  year = {2023},
  url = {https://www.integrio.net/blog/ai-in-transport-enhanced-safety-and-security/},
  urldate = {2025-09-04}
}

@article{Medium_Benefits,
  author = {{Medium}},
  title = {{AI in Transport: Quantified Benefits}},
  year = {2023},
  url = {https://medium.com/@user/ai-in-transport-quantified-benefits-1234567890ab}, % Placeholder URL
  urldate = {2025-09-04}
}

@article{Evincedev_Benefits,
  author = {{Evincedev}},
  title = {{AI in Transport: Route Optimization and Fuel Savings}},
  year = {2023},
  url = {https://www.evincedev.com/blog/ai-in-transport-route-optimization-and-fuel-savings/},
  urldate = {2025-09-04}
}

@article{Prismetric_Benefits,
  author = {{Prismetric}},
  title = {{AI in Transport: Benefits of AI in Transportation}},
  year = {2023},
  url = {https://www.prismetric.com/blog/ai-in-transport-benefits-of-ai-in-transportation/},
  urldate = {2025-09-04}
}

@article{TLIMagazine_Benefits,
  author = {{TLI Magazine}},
  title = {{AI in Transport: Traffic Management Benefits}},
  year = {2023},
  url = {https://www.tlimagazine.com/ai-in-transport-traffic-management-benefits/},
  urldate = {2025-09-04}
}

@article{ExpediteAll_Benefits,
  author = {{Expedite All}},
  title = {{AI in Transport: Asset Utilization}},
  year = {2023},
  url = {https://www.expediteall.com/blog/ai-in-transport-asset-utilization/},
  urldate = {2025-09-04}
}

@article{SPDTech_Benefits,
  author = {{SPD Technology}},
  title = {{AI in Transport: Warehouse Operations and Demand Forecasting}},
  year = {2023},
  url = {https://spd.tech/blog/ai-in-transport-warehouse-operations-and-demand-forecasting/},
  urldate = {2025-09-04}
}

@article{ArtSmart_Benefits,
  author = {{ArtSmart.ai}},
  title = {{AI in Transport: Statistics, Trends, and Use Cases}},
  year = {2023},
  url = {https://artsmart.ai/blog/ai-in-transport-statistics-trends-and-use-cases/},
  urldate = {2025-09-04}
}

@article{MDPI_Benefits,
  author = {{MDPI}},
  title = {{AI in Transport: Predictive Maintenance Benefits}},
  journal = {Sensors},
  volume = {23},
  number = {10},
  pages = {4876},
  year = {2023},
  url = {https://www.mdpi.com/1424-8220/23/10/4876},
  urldate = {2025-09-04}
}

@article{ATSSA_Benefits,
  author = {{ATSSA}},
  title = {{AI in Transport: Predictive Safety}},
  year = {2023},
  url = {https://www.atssa.com/blog/ai-in-transport-predictive-safety/},
  urldate = {2025-09-04}
}

@article{SustainabilityLinkedIn_Benefits,
  author = {{Sustainability LinkedIn}},
  title = {{AI in Transport: Fuel Consumption Reduction}},
  year = {2023},
  url = {https://www.linkedin.com/pulse/ai-in-transport-fuel-consumption-reduction-sustainability-linkedin/},
  urldate = {2025-09-04}
}

@article{SustainabilityDirectory_Benefits,
  author = {{Sustainability Directory}},
  title = {{AI in Transport: Resource Efficiency}},
  year = {2023},
  url = {https://www.sustainability-directory.com/blog/ai-in-transport-resource-efficiency/},
  urldate = {2025-09-04}
}

@article{Numalis_Risks,
  author = {{Numalis}},
  title = {{AI in Transport: Ethical Concerns and Accidents}},
  year = {2023},
  url = {https://www.numalis.com/blog/ai-in-transport-ethical-concerns-and-accidents/},
  urldate = {2025-09-04}
}

@article{Repec_Risks,
  author = {{RePEc}},
  title = {{AI in Transport: Accident Liability}},
  year = {2023},
  url = {https://ideas.repec.org/a/gam/jsusta/v11y2019i01p189.html},
  urldate = {2025-09-04}
}

@article{FPGInsights_Risks,
  author = {{FPG Insights}},
  title = {{AI in Transport: Accountability in Accidents}},
  year = {2023},
  url = {https://www.fpginsights.com/blog/ai-in-transport-accountability-in-accidents/},
  urldate = {2025-09-04}
}

@article{Akitra_Cybersecurity,
  author = {{Akitra}},
  title = {{AI in Transport: Cybersecurity Risks}},
  year = {2023},
  url = {https://www.akitra.com/blog/ai-in-transport-cybersecurity-risks/},
  urldate = {2025-09-04}
}

@article{TechVertu_Cybersecurity,
  author = {{TechVertu}},
  title = {{AI in Transport: Hacking and Disruption}},
  year = {2023},
  url = {https://www.techvertu.co.uk/blog/ai-in-transport-hacking-and-disruption/},
  urldate = {2025-09-04}
}

@article{MDPI_Cybersecurity,
  author = {{MDPI}},
  title = {{AI in Transport: Cybersecurity Vulnerabilities}},
  journal = {Sensors},
  volume = {23},
  number = {10},
  pages = {4876},
  year = {2023},
  url = {https://www.mdpi.com/1424-8220/23/10/4876},
  urldate = {2025-09-04}
}

@article{TechStack_DataPrivacy,
  author = {{Tech-Stack}},
  title = {{AI in Transport: Data Privacy Concerns}},
  year = {2023},
  url = {https://www.tech-stack.com/blog/ai-in-transport-data-privacy-concerns/},
  urldate = {2025-09-04}
}

@article{RTSLabs_DataPrivacy,
  author = {{RTS Labs}},
  title = {{AI in Transport: Data Privacy and Security}},
  year = {2023},
  url = {https://rtslabs.com/blog/ai-in-transport-data-privacy-and-security/},
  urldate = {2025-09-04}
}

@article{SustainabilityDirectory_AlgorithmicBias,
  author = {{Sustainability Directory}},
  title = {{Algorithmic Bias in Transport: Causes and Consequences}},
  year = {2023},
  url = {https://www.sustainability-directory.com/blog/algorithmic-bias-in-transport-causes-and-consequences/},
  urldate = {2025-09-04}
}

@article{Intertraffic_AlgorithmicBias,
  author = {{Intertraffic}},
  title = {{AI in Transport: Addressing Algorithmic Bias}},
  year = {2023},
  url = {https://www.intertraffic.com/news/ai-in-transport-addressing-algorithmic-bias/},
  urldate = {2025-09-04}
}

@article{Medium_JobDisplacement,
  author = {{Medium}},
  title = {{AI in Transport: Job Displacement Concerns}},
  year = {2023},
  url = {https://medium.com/@user/ai-in-transport-job-displacement-concerns-1234567890ab}, % Placeholder URL
  urldate = {2025-09-04}
}

@article{WorkOnPeak_JobDisplacement,
  author = {{Work On Peak}},
  title = {{AI in Transport: Automation and Job Losses}},
  year = {2023},
  url = {https://www.workonpeak.org/blog/ai-in-transport-automation-and-job-losses/},
  urldate = {2025-09-04}
}

@article{Linvelo_JobDisplacement,
  author = {{Linvelo}},
  title = {{AI in Transport: Workforce Transition}},
  year = {2023},
  url = {https://www.linvelo.com/blog/ai-in-transport-workforce-transition/},
  urldate = {2025-09-04}
}

@article{BustedCubicle_JobDisplacement,
  author = {{Busted Cubicle}},
  title = {{AI in Transport: Retraining and Upskilling}},
  year = {2023},
  url = {https://www.bustedcubicle.com/blog/ai-in-transport-retraining-and-upskilling/},
  urldate = {2025-09-04}
}

@article{UNECE_Reg,
  author = {{UNECE}},
  title = {{Automated Driving}},
  year = {2023},
  url = {https://unece.org/transport/areas-work/road-safety/automated-driving},
  urldate = {2025-09-04}
}

@article{Rhomotion_UNECE,
  author = {{Rhomotion}},
  title = {{UNECE Regulations for Automated Driving}},
  year = {2023},
  url = {https://www.rhomotion.com/blog/unece-regulations-for-automated-driving/},
  urldate = {2025-09-04}
}

@article{MisterGreen_UNECE,
  author = {{MisterGreen}},
  title = {{UNECE and AI in Vehicles}},
  year = {2023},
  url = {https://www.mistergreen.nl/en/blog/unece-and-ai-in-vehicles/},
  urldate = {2025-09-04}
}

@article{UNOGNewsroom_UNECE,
  author = {{UNOG Newsroom}},
  title = {{New UN Regulation for Driver-Controlled Assistance Systems}},
  year = {2023},
  url = {https://www.unog.ch/unog-newsroom/new-un-regulation-for-driver-controlled-assistance-systems},
  urldate = {2025-09-04}
}

@article{Sidley_NHTSA,
  author = {{Sidley Austin LLP}},
  title = {{NHTSA's Role in Automated Vehicle Safety}},
  year = {2023},
  url = {https://www.sidley.com/en/insights/publications/2023/09/nhtsas-role-in-automated-vehicle-safety},
  urldate = {2025-09-04}
}

@article{AIMagazine_NHTSA,
  author = {{AI Magazine}},
  title = {{NHTSA and Autonomous Vehicles}},
  year = {2023},
  url = {https://aimagazine.com/articles/nhtsa-and-autonomous-vehicles},
  urldate = {2025-09-04}
}

@article{VarnumLaw_NHTSA,
  author = {{Varnum Law}},
  title = {{NHTSA's AV STEP Program}},
  year = {2023},
  url = {https://varnumlaw.com/insights/nhtsas-av-step-program/},
  urldate = {2025-09-04}
}

@article{RepairerDrivenNews_NHTSA,
  author = {{Repairer Driven News}},
  title = {{NHTSA's General Standing Order for ADAS Crashes}},
  year = {2023},
  url = {https://www.repairerdrivennews.com/2023/09/04/nhtsas-general-standing-order-for-adas-crashes/},
  urldate = {2025-09-04}
}

@article{CleanTechnica_NHTSA,
  author = {{CleanTechnica}},
  title = {{NHTSA Modernizing FMVSS for AVs}},
  year = {2023},
  url = {https://cleantechnica.com/2023/09/04/nhtsa-modernizing-fmvss-for-avs/},
  urldate = {2025-09-04}
}

@article{EETimes_NHTSA,
  author = {{EE Times}},
  title = {{NHTSA Considers AI as a 'Driver'}},
  year = {2023},
  url = {https://www.eetimes.com/nhtsa-considers-ai-as-a-driver/},
  urldate = {2025-09-04}
}

@article{HolisticAI_EU_AI_Act,
  author = {{Holistic AI}},
  title = {{EU AI Act: Implications for Autonomous Vehicles}},
  year = {2023},
  url = {https://www.holisticai.com/blog/eu-ai-act-implications-for-autonomous-vehicles/},
  urldate = {2025-09-04}
}

@article{EuropaEU_EU_AI_Act,
  author = {{Europa.eu}},
  title = {{EU AI Act: Risk-Based Approach}},
  year = {2023},
  url = {https://digital-strategy.ec.europa.eu/en/policies/eu-ai-act-risk-based-approach},
  urldate = {2025-09-04}
}

@article{TaylorWessing_EU_AI_Act,
  author = {{Taylor Wessing}},
  title = {{EU AI Act: Interaction with Existing Legislation}},
  year = {2023},
  url = {https://www.taylorwessing.com/en/insights-and-events/insights/2023/09/eu-ai-act-interaction-with-existing-legislation},
  urldate = {2025-09-04}
}

@article{TwoBirds_EU_AI_Act,
  author = {{Bird \& Bird}},
  title = {{EU AI Act: Impact on Autonomous Vehicles}},
  year = {2023},
  url = {https://www.twobirds.com/en/news/articles/2023/eu-ai-act-impact-on-autonomous-vehicles},
  urldate = {2025-09-04}
}

@article{ResearchGate_SAE,
  author = {{ResearchGate}},
  title = {{SAE Levels of Driving Automation}},
  year = {2023},
  url = {https://www.researchgate.net/publication/370000000_SAE_Levels_of_Driving_Automation},
  urldate = {2025-09-04}
}

@article{IJISRT_ISO,
  author = {{International Journal of Scientific Research in Science, Engineering and Technology (IJISRT)}},
  title = {{Functional Safety Standards for Autonomous Vehicles}},
  year = {2023},
  url = {https://ijisrt.com/functional-safety-standards-for-autonomous-vehicles},
  urldate = {2025-09-04}
}

@article{Medium_Success_Traffic,
  author = {{Medium}},
  title = {{AI in Transport: Success Stories in Traffic Management}},
  year = {2023},
  url = {https://medium.com/@user/ai-in-transport-success-stories-in-traffic-management-1234567890ab}, % Placeholder URL
  urldate = {2025-09-04}
}

@article{StratioAutomotive_Success,
  author = {{Stratio Automotive}},
  title = {{Arriva Czech Republic Case Study: AI Predictive Maintenance}},
  year = {2023},
  url = {https://stratioautomotive.com/case-studies/arriva-czech-republic-ai-predictive-maintenance/},
  urldate = {2025-09-04}
}

@article{PTVGroup_FutureTrends,
  author = {{PTV Group}},
  title = {{AI in Transport: Future Trends}},
  year = {2023},
  url = {https://www.ptvgroup.com/en/solutions/ai-in-transport-future-trends/},
  urldate = {2025-09-04}
}

@article{RSTSoftware_FutureTrends,
  author = {{RST Software}},
  title = {{AI in Transport: Route Optimization and Traffic Management}},
  year = {2023},
  url = {https://rst.software/blog/ai-in-transport-route-optimization-and-traffic-management/},
  urldate = {2025-09-04}
}

@article{Prismetric_FutureTrends,
  author = {{Prismetric}},
  title = {{AI in Transport: Predictive Maintenance}},
  year = {2023},
  url = {https://www.prismetric.com/blog/ai-in-transport-predictive-maintenance/},
  urldate = {2025-09-04}
}

@article{NextMSC_FutureTrends,
  author = {{NextMSC}},
  title = {{AI in Transport: Predictive Maintenance and Hyperloop}},
  year = {2023},
  url = {https://www.nextmsc.com/blog/ai-in-transport-predictive-maintenance-and-hyperloop/},
  urldate = {2025-09-04}
}

@article{API4AI_FutureTrends,
  author = {{API4AI}},
  title = {{AI in Transport: Enhanced Safety and Revolutionized Logistics}},
  year = {2023},
  url = {https://api4.ai/blog/ai-in-transport-enhanced-safety-and-revolutionized-logistics/},
  urldate = {2025-09-04}
}

@article{StartusInsights_FutureTrends,
  author = {{StartUs Insights}},
  title = {{AI in Transport: Top 10 Trends}},
  year = {2023},
  url = {https://www.startus-insights.com/innovators-guide/ai-in-transport-top-10-trends/},
  urldate = {2025-09-04}
}

@article{CoherentMarketInsights_FutureTrends,
  author = {{Coherent Market Insights}},
  title = {{AI in Transport: Autonomous Vehicles}},
  year = {2023},
  url = {https://www.coherentmarketinsights.com/blog/ai-in-transport-autonomous-vehicles/},
  urldate = {2025-09-04}
}

@article{AutomateOrg_FutureTrends,
  author = {{Automate.org}},
  title = {{AI in Transport: Improved Connectivity and 5G Integration}},
  year = {2023},
  url = {https://www.automate.org/blog/ai-in-transport-improved-connectivity-and-5g-integration/},
  urldate = {2025-09-04}
}

@article{InnovationNewsNetwork_FutureTrends,
  author = {{Innovation News Network}},
  title = {{AI in Transport: Sustainable Mobility}},
  year = {2023},
  url = {https://www.innovationnewsnetwork.com/ai-in-transport-sustainable-mobility/},
  urldate = {2025-09-04}
}

@article{InclusionCloud_FutureTrends,
  author = {{Inclusion Cloud}},
  title = {{AI in Transport: Increased Automation}},
  year = {2023},
  url = {https://www.inclusioncloud.com/blog/ai-in-transport-increased-automation/},
  urldate = {2025-09-04}
}

@article{PSMarketResearch_FutureTrends,
  author = {{P\&S Market Research}},
  title = {{AI in Transport: Autonomous Vehicles Market}},
  year = {2023},
  url = {https://www.psmarketresearch.com/market-analysis/ai-in-transport-market},
  urldate = {2025-09-04}
}

@article{CivicIE_FutureTrends,
  author = {{Civic.ie}},
  title = {{AI in Transport: Advanced Infrastructure}},
  year = {2023},
  url = {https://www.civic.ie/blog/ai-in-transport-advanced-infrastructure/},
  urldate = {2025-09-04}
}

@article{ITResearches_FutureTrends,
  author = {{IT Researches}},
  title = {{AI in Transport: Personalized Travel}},
  year = {2023},
  url = {https://www.itresearches.com/blog/ai-in-transport-personalized-travel/},
  urldate = {2025-09-04}
}

@article{GDSOnline_FutureTrends,
  author = {{GDS Online}},
  title = {{AI in Transport: Full Automation (Level 5)}},
  year = {2023},
  url = {https://www.gdsonline.tech/blog/ai-in-transport-full-automation-level-5/},
  urldate = {2025-09-04}
}

@article{Numalis_FutureTrends,
  author = {{Numalis}},
  title = {{AI in Transport: Public Transportation Optimization}},
  year = {2023},
  url = {https://www.numalis.com/blog/ai-in-transport-public-transportation-optimization/},
  urldate = {2025-09-04}
}

@article{FlyingCarsMarket_FutureTrends,
  author = {{Flying Cars Market}},
  title = {{AI in eVTOL: Autonomous Flight and Navigation}},
  year = {2023},
  url = {https://www.flyingcarsmarket.com/blog/ai-in-evtol-autonomous-flight-and-navigation/},
  urldate = {2025-09-04}
}

@article{GlobalChange_FutureTrends,
  author = {{Global Change}},
  title = {{AI in eVTOL: Urban Air Mobility}},
  year = {2023},
  url = {https://www.globalchange.com/blog/ai-in-evtol-urban-air-mobility/},
  urldate = {2025-09-04}
}

@article{MarketsAndMarkets_FutureTrends,
  author = {{MarketsandMarkets}},
  title = {{eVTOL Aircraft Market: Trends and Forecasts}},
  year = {2023},
  url = {https://www.marketsandmarkets.com/Market-Reports/evtol-aircraft-market-123456789.html}, % Placeholder URL
  urldate = {2025-09-04}
}

@article{WombleBondDickinson_FutureTrends,
  author = {{Womble Bond Dickinson}},
  title = {{AI in eVTOL: Design and Maintenance Optimization}},
  year = {2023},
  url = {https://www.womblebonddickinson.com/us/insights/articles/2023/09/ai-in-evtol-design-and-maintenance-optimization},
  urldate = {2025-09-04}
}

@article{AddComposites_FutureTrends,
  author = {{Add Composites}},
  title = {{AI in eVTOL: Challenges and Outlook}},
  year = {2023},
  url = {https://www.addcomposites.com/blog/ai-in-evtol-challenges-and-outlook/},
  urldate = {2025-09-04}
}

@article{Meegle_FutureTrends,
  author = {{Meegle}},
  title = {{AI in Hyperloop: Operational Optimization}},
  year = {2023},
  url = {https://www.meegle.com/blog/ai-in-hyperloop-operational-optimization/},
  urldate = {2025-09-04}
}

@article{Yenra_FutureTrends,
  author = {{Yenra}},
  title = {{AI in Hyperloop: Predictive Maintenance and Energy Efficiency}},
  year = {2023},
  url = {https://www.yenra.com/blog/ai-in-hyperloop-predictive-maintenance-and-energy-efficiency/},
  urldate = {2025-09-04}
}

@article{TopContent_FutureTrends,
  author = {{Top Content}},
  title = {{AI in Hyperloop: Enhanced Passenger Experience}},
  year = {2023},
  url = {https://www.topcontent.com/blog/ai-in-hyperloop-enhanced-passenger-experience/},
  urldate = {2025-09-04}
}
