'''@article{hussain2024artificial,
  title={Artificial Intelligence in the Water Sector: A Review of Its Current Applications and Future Prospects},
  author={Hussain, Saddam and Al-Janabi, Saif and Al-Sudani, Zaid},
  journal={Water},
  volume={16},
  number={7},
  pages={936},
  year={2024},
  publisher={MDPI}
}

@article{satoh2023can,
  title={Can AI Help Improve Water Quality? Towards the Prediction of Degradation of Micropollutants in Wastewater},
  author={Satoh, Hiroko and Hafner, Jasmin and Hutter, J{\"u}rg and Fenner, Kathrin},
  journal={CHIMIA},
  volume={77},
  number={1-2},
  pages={48--53},
  year={2023},
  publisher={Swiss Chemical Society}
}

@article{goyal2020review,
  title={A Review on Application of Artificial Intelligence in Water Quality Prediction},
  author={Goyal, Meenu and Kumar, Ajay},
  journal={International Journal of Engineering and Advanced Technology (IJEAT)},
  volume={9},
  number={3},
  pages={2249-2253},
  year={2020},
  publisher={Blue Eyes Intelligence Engineering & Sciences Publication}
}