'''@article{leyliabadi2025conceptual,
  title={A Conceptual Framework for AI-based Decision Systems in Critical Infrastructures},
  author={Milad Leyli-abadi and Ricardo J. Bessa and Jan Viebahn and Daniel Boos and Clark Borst and Alberto Castagna and Ricardo Chavarriaga and Mohamed Hassouna and Bruno Lemetayer and Giulia Leto and Antoine Marot and Maroua Meddeb and Manuel Meyer and Viola Schiaffonati and Manuel Schneider and Toni Waefler},
  journal={arXiv preprint arXiv:2504.16133},
  year={2025},
  url={https://arxiv.org/abs/2504.16133}
}

@misc{cisc2025artificial,
  author = {{Critical Infrastructure Security Centre (CISC)}},
  title = {{Artificial Intelligence in Critical Infrastructure Factsheet}},
  year = {2025},
  howpublished = {\url{https://www.cisc.gov.au/}},
  note = {Accessed: September 1, 2025}
}

@techreport{dhs2024roles,
  author = {{U.S. Department of Homeland Security}},
  title = {{Roles and Responsibilities Framework for Artificial Intelligence in Critical Infrastructure}},
  institution = {{U.S. Department of Homeland Security}},
  year = {2024},
  month = {nov},
  url = {https://www.dhs.gov/sites/default/files/2024-11/24_1114_dhs_ai-roles-and-responsibilities-framework-508.pdf},
  note = {Published on November 14, 2024}
}